2910 4693
571 334 670 380 nn
719 331 1121 380 comeums
1167 327 1341 378 mss.
1385 329 1454 376 ι..
1504 329 1768 378 annm
1818 330 2067 379 nolu.
2268 315 2443 382 lm

206 465 518 528 codicum
547 467 800 528 duorum
857 466 1012 538 usu,'
1045 483 1196 544 quos
1237 485 1310 526 ea
1335 467 1470 545 ipsa
1495 464 1859 526 bibliotheca
1885 465 2163 544 praebuit,
2188 468 2445 546 egregie,

205 583 336 640 pro
411 564 702 624 doctrinm
751 564 1114 642 praestantia,
1197 560 1475 640 opitulati
1520 561 1721 644 *Floro
1774 563 1892 624 sint
1938 562 2115 622 iidem
2172 564 2449 641 praeclari

205 659 580 720 duumviri‘l
621 660 736 720 Sed
765 670 826 720 et
853 659 1100 720 aliarum
1131 657 1473 719 Germania
1495 667 1709 720 nostrae
1734 657 2232 719 bibliothecarum
2268 659 2445 722 liber-

205 753 496 816 alitatem
541 756 772 834 experti
819 766 958 816 sunt
1005 756 1163 816 Flori
1187 755 1465 818 editores.
1552 755 1944 816 Berolinensis
1974 755 2217 833 quidem
2264 757 2449 835 Regia

209 850 558 912 humatio
594 853 826 932 Begero
867 850 1042 912 dedit
1069 850 1342 912 codicem
1371 870 1553 910 unum
1580 849 1959 929 eundemque
2007 850 2449 914 membraneum

211 948 409 1008 bonae
439 957 620 1020 notae,
649 949 824 1025 cujus
849 947 1126 1010 dominus
1144 948 1356 1020 suerat,
1379 947 1587 1008 eodem
1618 949 1843 1027 Begero
1880 943 2179 1018 auctore,²
2216 946 2451 1008 divinus

213 1043 322 1102 ille
349 1044 392 1104 J
400 1051 570 1103 ustus
594 1045 871 1122 Lipsius:
916 1046 1018 1124 qui
1061 1054 1127 1105 ut
1159 1044 1372 1104 multas
1399 1065 1475 1104 ex
1500 1063 1575 1104 eo
1602 1043 1883 1104 lectiones
1912 1044 1969 1102 in
2001 1042 2171 1103 libris
2215 1043 2451 1104 Electoa

211 1139 388 1198 rum³
439 1141 708 1218 protulit,
761 1141 846 1201 ita
871 1150 1062 1200 totum
1112 1159 1252 1200 cum
1278 1139 1479 1214 editis,
1516 1158 1695 1218 quam
1724 1137 2033 1217 diligenter
2060 1139 2281 1211 nescio,
2306 1156 2451 1198 con-

217 1237 512 1297 tenderat
528 1239 658 1316 jam
679 1248 818 1298 ante
847 1240 1136 1316 Begerum
1157 1239 1288 1300 Jac.
1308 1237 1579 1297 Tollius:
1625 1236 1731 1316 qui
1758 1235 1935 1298 labor
1960 1254 2037 1298 ne
2054 1243 2209 1296 esset
2237 1234 2455 1298 frustra

215 1343 576 1413 susceptus,
598 1353 744 1394 cura
781 1334 1062 1394 effectum
1111 1343 1174 1394 et
1213 1332 1519 1412 diligentia
1543 1332 1765 1394 Dukeri
1794 1333 2033 1394 scimus.
2117 1334 2329 1413 Neque
2368 1342 2455 1394 ta-

221 1449 366 1488 men
409 1429 657 1508 privatis
686 1430 1112 1490 Germanorum
1141 1429 1523 1490 bibliothecis
1567 1425 1810 1488 defuere
1847 1427 1983 1488 libri
2017 1427 2227 1508 scripti
2267 1431 2448 1490 Flori.

219 1525 392 1584 Nam
421 1535 492 1585 et
515 1525 740 1588 Barthii
763 1529 794 1562 ⁴
832 1536 896 1586 et
943 1525 1236 1588 Francisei
1267 1524 1535 1596 Fabricii
1561 1523 1585 1558 ³
1614 1525 1853 1586 codices
1898 1526 2211 1586 memorari
2236 1547 2273 1586 a
2298 1527 2455 1586 Viris

221 1621 436 1681 doctis
475 1622 670 1696 video,
711 1641 906 1702 neque
933 1622 1144 1682 dubito
1191 1622 1336 1701 quin
1363 1630 1427 1682 et
1473 1620 1571 1680 ille
1600 1620 1768 1693 liber,
1823 1640 1945 1699 quo
1976 1621 2283 1681 Fridianus
2317 1623 2453 1702 Pig-

225 1715 521 1782 hinucius
551 1739 690 1778 usus
714 1729 808 1780 est
847 1720 909 1778 in
933 1718 1280 1780 adornanda
1315 1717 1575 1779 editione
1622 1737 1749 1792 sua,
1790 1727 1855 1778 et
1891 1725 2115 1778 veteres
2142 1718 2254 1791 illi,
2302 1738 2457 1797 quos

225 1813 366 1873 Jac.
413 1813 742 1875 Scheckius
783 1815 1092 1895 inspectos
1147 1835 1188 1874 a
1241 1834 1308 1876 se
1347 1813 1535 1874 fuisse
1582 1810 1895 1885 ostendit,⁶
1959 1813 2201 1875 codices
2248 1813 2457 1894 scripti

229 1929 423 1970 manu
450 1909 694 1972 fuerint.
777 1915 982 1992 Atque
1009 1913 1142 1973 liaee
1169 1911 1414 1990 quidem
1462 1909 1542 1971 de
1569 1907 1739 1972 libris
1766 1909 2257 1970 bibliothecarum
2298 1912 2459 1972 Ger-

229 2006 452 2068 maniae
512 2008 822 2068 hactenus.
905 2009 1036 2068 Tot
1073 2009 1258 2082 euim,
1285 2026 1485 2087 neque
1512 2008 1739 2088 plures,
1780 2026 1883 2067 eas
1908 2005 2173 2078 codices,
2202 2026 2456 2086 quorum

233 2102 610 2180 adjumentis
650 2105 864 2165 Florus
889 2113 1200 2166 ornaretur
1224 2112 1288 2165 et
1314 2103 1497 2166 veluti
1522 2111 1877 2176 comeretur,
1905 2102 2229 2182 praebuisse
2256 2101 2457 2164 adhuc

237 2199 493 2276 quidem
516 2201 870 2262 sciebamus.

319 2297 462 2357 Jam
509 2306 578 2358 ut
631 2297 976 2359 Germaniae
1017 2298 1132 2359 hoc
1175 2297 1420 2378 quidem
1468 2299 1529 2360 in
1550 2316 1761 2378 genere
1802 2297 2051 2359 avaritia
2104 2297 2347 2361 sordida
2398 2306 2463 2359 et

241 2394 448 2472 inepta
489 2394 852 2456 illiberalitas
889 2394 1238 2474 exprobrari
1291 2394 1455 2455 nullo
1496 2405 1680 2472 pacto
1722 2402 1946 2473 potest,
1986 2395 2171 2455 immo
2206 2394 2463 2455 maxima

241 2487 576 2550 liberalitas
604 2490 1056 2568 benignitasque
1087 2489 1268 2549 tribui
1295 2488 1457 2549 omni
1473 2488 1613 2566 jure
1639 2489 1845 2560 debet,
1866 2508 2003 2549 cum
2023 2489 2101 2549 de
2124 2491 2467 2567 praestantia

249 2585 725 2664 excellentiaque
751 2583 1126 2645 liberalitatis
1145 2583 1410 2661 judicari
1435 2603 1471 2643 e
1502 2583 1852 2643 facultatum
1872 2584 2051 2663 copia
2068 2579 2295 2653 soleat3
2324 2605 2472 2655 cum,

248 2700 370 2741 non
401 2683 456 2741 is
485 2682 590 2758 qui
631 2681 888 2760 plurima
915 2680 1042 2754 dat,
1063 2680 1318 2741 liberalis
1345 2679 1619 2753 ducatur,
1640 2680 1741 2740 sed
1772 2680 1875 2758 qui
1901 2688 2150 2752 tantum,
2178 2688 2466 2758 qnantum

248 2786 478 2853 potest,
495 2786 556 2837 et
577 2796 646 2835 ea
676 2796 814 2855 quae
843 2793 1020 2854 quam
1050 2774 1365 2854 plurimum
1396 2776 1629 2854 prosint
1654 2775 1725 2835 iis
1752 2776 1859 2853 qui
1878 2776 2217 2856 accipiunt;
2259 2777 2342 2839 ita
2362 2778 2469 2855 adq

253 2874 510 2935 modum
536 2873 788 2955 cupidus
817 2874 888 2935 sit
912 2891 1154 2933 necesse
1194 2880 1308 2947 est,
1335 2873 1440 2950 qui
1466 2891 1681 2950 negare
1708 2882 1979 2947 conetur,
2010 2872 2243 2933 florum
2290 2874 2471 2952 etiam

257 2970 475 3042 ltaliae,
503 2969 836 3049 Belgiique,
862 2982 926 3030 et
967 2967 1252 3039 Franciae,
1296 2967 1674 3029 bibliothecis
1710 2986 1978 3045 magnam
2009 2968 2337 3046 splendoris
2377 2970 2467 3030 sui

255 3066 834 3145 pulchritudinisque
882 3075 1112 3145 partem
1142 3065 1381 3125 debere.
1419 3080 1423 3083 ·
1460 3066 1689 3131 Etenim
1739 3065 1985 3127 Francia
2030 3065 2269 3144 quidem
2291 3066 2469 3127 Vine-

257 3174 382 3223 tum
445 3183 616 3224 suum
673 3163 950 3225 instruxit
1004 3163 1178 3223 variis
1219 3162 1529 3223 codicibus
1584 3162 1834 3242 scriptis,
1882 3181 2073 3241 neque
2118 3161 2233 3222 illis
2279 3163 2473 3239 malis,

259 3280 516 3339 quorum
548 3280 662 3340 ope
692 3260 975 3321 librorum
1006 3260 1162 3320 Flori
1207 3260 1839 3339 vulneribustvitiisque
1863 3258 2215 3320 mederetur.
2299 3260 2473 3321 Unus

261 3374 487 3427 eorum,
535 3358 637 3436 qui
681 3357 760 3416 ab
805 3357 934 3434 ipso
975 3356 1193 3416 Vineto
1244 3357 1527 3417 mirandas
1579 3356 1728 3417 liber
1773 3356 2142 3435 antiquitatis
2202 3365 2471 3428 vocatur,

264 3462 507 3514 venerat
564 3474 598 3513 e
658 3452 1020 3514 bibliotheca
1067 3453 1527 3515 Dominiealium
1581 3453 2087 3531 Burdigalensium
2105 3452 2151 3510 :⁷
2230 3453 2471 3511 alterius

267 3568 566 3626 possessor
593 3548 786 3610 fuerat
814 3549 1334 3612 Gerardus'Maria
1375 3550 1697 3621 Imbertus,
1741 3546 2035 3611 Patricius
2072 3547 2471 3609 Condomien-

1273 3718 1480 3799 nom

326 3877 358 3923 v1
391 3874 506 3923 vid.
527 3872 784 3923 Salmasius
803 3873 862 3920 ad
887 3888 924 3921 1.
949 3874 996 3921 1.
1020 3874 1067 3921 1.
1091 3886 1164 3919 iv.
1183 3876 1230 3921 6.
1253 3876 1332 3921 is.
1480 3876 1511 3919 5
1545 3870 1660 3920 vid.
1680 3868 1870 3918 Stadius
1886 3868 2202 3921 Commentar-
2223 3888 2272 3938 p.
2294 3876 2375 3925 60.
2392 3876 2471 3925 ed.

274 3954 308 3985 ι.
327 3942 406 3988 13.
425 3943 474 3989 6.
1416 3952 1489 3999 pr.
1502 3943 1559 3985 et
1578 3936 1802 3985 Duker-us
1822 3935 1885 3983 ad
1908 3950 1993 3983 m.
2013 3940 2093 3986 26.
2114 3940 2168 3987 6.

335 4008 367 4052 2
399 4002 479 4051 Ad
501 4017 562 4051 ιι.
585 4006 663 4055 12.
1480 4005 1515 4050 6
1549 4000 1628 4049 Ad
1650 3998 1824 4049 Vellei.
1844 4000 2031 4049 Patere.
2055 4016 2091 4047 ι.
2113 4005 2163 4051 4.
2182 4004 2231 4050 2.

334 4070 366 4113 8
399 4083 458 4115 u.
483 4070 564 4117 19.
1478 4070 1511 4114 7
1546 4064 1659 4113 Vid.
1680 4064 1885 4113 Vinctus
1904 4063 2250 4115 Animadversa.
2288 4082 2336 4130 p.
2360 4070 2475 4119 14⁹.

339 4134 369 4180 4
405 4131 514 4182 Vid.
537 4130 758 4182 Dukems
781 4132 842 4181 ad
866 4148 950 4181 ιιι.
975 4136 1055 4182 18.
1083 4136 1161 4183 14.
1414 4132 1526 4181 158.
1548 4133 1663 4181 24⁶.
1686 4130 1765 4219 cd.
1785 4128 1940 4192 Lugd.
