2910 4693
459 295 591 361 512

453 453 471 482 ⁸
489 459 612 502 ante
633 451 814 502 urbem
831 449 1118 515 produxit:
1137 449 1324 500 deinde
1341 450 1515 514 pania-

455 530 548 579 tim
582 526 852 590 trahendo,
889 527 954 577 ad
990 527 1180 576 vallum
1213 539 1375 590 usque
1413 526 1517 574 Ro-

453 619 660 654 manum
702 603 966 668 perduxit,
1007 605 1090 652 vei
1129 596 1365 652 adduxit.
1401 601 1515 651 Sal.

457 680 726 730 Kenchen.
741 679 806 728 ad
829 679 1001 728 Front.
1017 691 1094 727 xv.
1109 682 1160 727 4.
1175 681 1224 728 1.
1239 677 1518 741 descripsit

455 755 641 805 bonam
663 761 862 818 partem
885 767 1081 817 eorum,
1111 767 1226 818 quae
1254 753 1336 803 hic
1355 752 1517 802 habet

456 830 755 892 Salmasius,
807 843 908 878 uon
953 829 1215 878 nominato
1269 835 1513 886 suctore3

381 925 388 934 ·
455 906 1054 968 quodiilinoninsolens
1077 913 1176 954 est.
1249 907 1517 969 Leguntur

455 982 508 1031 lu
527 995 702 1030 versus
724 981 780 1031 iu
803 981 1055 1032 Priscian.
1078 981 1167 1032 lib.
1189 995 1313 1031 vin.
1329 996 1382 1045 p.
1398 983 1517 1030 823.

456 1058 554 1106 Ed.
577 1055 791 1107 Putach.
831 1070 963 1122 quos
985 1057 1054 1106 ad
1123 1069 1219 1108 auc
1251 1056 1515 1106 historiam

457 1131 724 1196 pertinere
745 1132 858 1196 ,iam
897 1137 1019 1182 ante
1079 1132 1347 1182 almasium
1374 1131 1518 1180 vide·

456 1219 559 1272 rat,
583 1221 658 1273 et,
691 1227 786 1276 pro
799 1214 1027 1274 armeus,
1057 1212 1261 1262 creditos
1275 1211 1517 1262 emenda·

383 1293 390 1304 “
457 1282 600 1339 verat
626 1288 872 1340 Schottus
885 1289 952 1339 ad
973 1288 1100 1338 Aur.
1122 1289 1265 1338 Vict.
1283 1301 1330 1337 c.
1350 1299 1517 1337 xxm.

455 1365 694 1414 Valesius
747 1365 802 1414 in
853 1363 1109 1415 Adnotat.
1150 1363 1220 1413 ad
1265 1365 1517 1427 Excerpt.

455 1439 687 1489 Peiresc.
707 1455 760 1504 p.
775 1445 857 1490 82.
877 1447 934 1490 et
955 1441 1084 1491 alios
1103 1438 1232 1489 duos
1256 1452 1457 1500 versus,
1486 1453 1517 1488 a

453 1515 726 1567 Prisciano
769 1516 854 1566 tib.
879 1529 983 1566 xu-
1020 1531 1070 1580 p.
1091 1519 1207 1564 947.
1247 1529 1312 1581 ex
1349 1513 1518 1578 ejusd.

453 1591 636 1642 Poetae
655 1592 745 1643 lib.
770 1607 833 1642 ιι.
883 1593 1173 1642 Excelieut.
1191 1590 1399 1653 relatos,
1415 1588 1517 1637 huc

453 1665 757 1719 referendos
793 1667 1182 1730 animadvertit,
1213 1665 1230 1694 ‘
1261 1666 1364 1714 Seu
1403 1669 1515 1713 tute

453 1743 619 1792 mavis
667 1744 896 1806 obsides,
949 1744 1050 1793 Seu
1109 1748 1224 1792 tute
1278 1740 1519 1800 captivos

452 1819 588 1868 habe
609 1817 644 1867 τ’
686 1819 764 1868 ita
784 1815 919 1866 enim
941 1814 1203 1877 emendat,
1233 1828 1352 1878 quae
1377 1813 1514 1878 apud

453 1893 714 1944 Priscian.
747 1895 990 1957 leguntur
1026 1891 1183 1953 malis,
1213 1889 1437 1952 hospites,
1460 1893 1518 1936 et

451 1969 610 2018 habes.
642 1969 886 2030 Ceterum
911 1979 1010 2016 nou
1029 1966 1155 2027 scio,
1175 1977 1278 2029 qno
1296 1969 1515 2012 auctore

369 2066 375 2073 ·
449 2045 728 2095 Salmasius
751 2045 940 2093 Varum
953 2049 1120 2103 vocet,
1139 2041 1226 2106 qui
1240 2039 1516 2089 Prisciano

451 2122 580 2170 iocis
619 2121 744 2170 dict.
775 2127 832 2168 et
867 2118 955 2168 lib.
977 2130 1142 2168 xvut.
1180 2130 1230 2179 p.
1250 2118 1400 2164 1186.
1433 2121 1517 2164 est

454 2195 684 2258 Alpheus
707 2193 912 2256 Avitus,
936 2193 1148 2243 Terent.
1187 2191 1372 2240 Mauro
1397 2204 1515 2254 pag.

452 2275 599 2322 2437.
633 2272 851 2335 Alpinius
917 2269 1124 2330 Avitus,
1191 2275 1247 2316 et
1297 2267 1513 2316 Senecae

453 2349 703 2399 Controv.
741 2363 778 2397 1.
813 2356 868 2399 et
901 2360 956 2397 x.
1003 2344 1169 2396 Altius
1209 2341 1412 2407 Flavus,
1454 2350 1515 2393 ut

453 2428 608 2487 putat
627 2425 878 2473 Valesius.
921 2422 1178 2473 Gruterus
1203 2434 1232 2469 e
1252 2420 1364 2470 Pal.
1386 2424 1436 2469 2.
1458 2425 1515 2469 et

455 2505 558 2549 vet.
580 2499 664 2548 ed.
685 2499 1214 2559 adnotaviteduxerat,
1228 2496 1316 2545 sed
1333 2511 1363 2546 e
1385 2496 1432 2545 N
1438 2509 1514 2544 az.

451 2583 508 2627 et
531 2576 648 2626 Pal.
671 2581 716 2627 1.
740 2576 932 2640 probat
951 2577 1233 2625 adduxerat.

440 2687 445 2695 ·
523 2653 746 2704 Vinctum
760 2651 878 2715 sibi]
909 2651 972 2702 Id
989 2658 1090 2713 cst,
1105 2648 1341 2700 Faliscis.
1376 2646 1515 2697 Vide

449 2730 690 2781 similiter
714 2730 916 2779 locutos
939 2728 1188 2777 Piautum
1213 2732 1270 2775 et
1291 2724 1403 2776 Cic.
1427 2738 1513 2788 ap.

449 2807 641 2871 Scalig.
663 2807 728 2856 de
748 2806 901 2856 Caua.
923 2804 1071 2869 Ling.
1090 2804 1204 2853 Lat.
1221 2802 1308 2852 lib.
1323 2806 1374 2851 6.
1394 2815 1511 2865 cap.

452 2889 564 2934 129.
597 2884 740 2949 quod
775 2883 895 2934 ideo
929 2896 1132 2945 moneo,
1169 2896 1234 2931 ne
1269 2881 1380 2947 quis
1415 2882 1513 2932 Ga-

449 2964 670 3009 mertem
709 2964 958 3024 sequatur
989 2956 1373 3018 emendantem,
1404 2956 1515 3005 urbi

449 3032 729 3091 remisisset,
751 3029 856 3090 vel,
889 3030 1042 3079 subito
1064 3030 1342 3079 remisisset.
1375 3029 1512 3081 Pon.

451 3107 536 3156 Sic
561 3107 612 3154 in
637 3107 669 3155 1.
691 3110 741 3153 8.
774 3106 818 3167 §.
837 3109 884 3154 3.
935 3106 1006 3153 D.
1026 3106 1204 3154 Mand.
1239 3106 1256 3133 ‘
1273 3106 1378 3157 Qui
1400 3106 1514 3170 ipse

453 3182 551 3230 sibi
571 3179 940 3229 mandaverat!
1004 3182 1328 3244 Quamquam
1347 3180 1399 3229 in
1413 3180 1514 3231 hoc

452 3260 593 3309 Flori
629 3259 743 3308 ioco
765 3272 866 3309 non
905 3272 1111 3322 possum
1151 3268 1254 3308 nou
1291 3258 1513 3323 probare

450 3334 759 3383 sententiam
783 3334 960 3383 Soceri
995 3334 1098 3383 mei
1121 3348 1171 3396 p.
1193 3348 1262 3382 m.
1317 3332 1512 3383 Matth.

453 3410 788 3471 Bernecceri,
813 3410 900 3473 qui
939 3416 1110 3472 putat,
1141 3423 1244 3459 non
1267 3409 1383 3459 haec
1407 3410 1511 3459 dici

449 3492 635 3535 contra
653 3489 886 3532 naturam
919 3484 1318 3547 recipi-neotum.
1375 3485 1511 3534 Nam

449 3560 736 3610 orationem
775 3556 960 3609 referri
999 3559 1168 3609 adhuc
1205 3560 1271 3609 ad
1311 3559 1514 3623 periodi

451 3635 760 3698 principium
797 3635 894 3685 hac
932 3636 1097 3685 serie:
1135 3634 1352 3685 Faliscis
1383 3636 1512 3685 mira

451 3711 553 3760 visa
573 3712 779 3776 estfides
812 3713 1138 3775 Imperatoris,
1156 3715 1280 3778 quod
1307 3714 1509 3763 ludima-

446 3787 654 3849 gistrum
673 3799 780 3838 sun
797 3787 1065 3853 (Faliscis)
1085 3790 1357 3840 renni-sisset.
1393 3792 1478 3839 Fr.

494 3863 535 3925 §.
551 3866 586 3910 6
605 3862 726 3910 Eam
743 3862 958 3923 namque]
969 3864 1124 3913 Tales
1143 3864 1262 3915 olim
1275 3866 1509 3914 Romani.

451 3936 589 3987 Vide
633 3952 751 4001 quae
787 3937 978 3987 notabo
1015 3940 1082 3988 ad
1121 3945 1169 3989 2.
1198 3944 1278 4001 17,
1304 3944 1385 3990 17.
1419 3940 1510 3991 Fr.

452 4014 642 4063 Sciebat
685 4027 781 4061 esse
819 4012 931 4062 ciet.
990 4010 1156 4075 Ryck.
1193 4014 1342 4062 Voss.
1378 4018 1424 4063 1.
1460 4018 1509 4063 2.

453 4090 604 4139 Fran.
623 4097 676 4137 et
696 4088 814 4137 cdd.
839 4088 1090 4152 quaedam.

523 4166 588 4214 13ae
610 4166 798 4226 integra
828 4166 1064 4226 dignitate
1079 4165 1356 4231 pararetur]
1396 4167 1509 4216 Me·

1123 307 1368 372 ‚No'rAE
1419 305 1829 357 VARmRUM
1884 305 1961 354 ΙΝ

1592 449 1693 499 lius
1714 465 1728 497 ι
1760 453 2025 512 pareretur.
2092 447 2179 498 Ita
2193 453 2272 498 est
2296 449 2350 498 in
2376 448 2510 499 Nat.
2580 447 2683 496 Ita

1593 539 1737 589 sepe
1753 527 1966 590 Noster,
1985 529 2042 574 et
2054 525 2249 587 soepius
2272 523 2485 588 quidem
2500 523 2679 572 e‘tiam

1594 601 1679 650 aiii
1704 600 1956 650 Auctore·
1990 601 2005 628 ‘
2026 599 2299 654 victoriam
2324 597 2548 664 parere'
2588 598 2677 645 di-

1592 684 1740 739 cunt,
1758 691 1907 742 quam
1940 676 1956 705 ⁴
1976 675 2198 740 parare?
2252 676 2423 740 Supra
2438 675 2630 724 Florus
2654 691 2673 722 ε

1590 755 1605 780 ‘
1630 753 1795 803 Unius
1814 767 1969 802 manu
1996 759 2147 816 parta
2169 750 2391 801 victoria
2408 749 2529 799 est!
2574 749 2673 799 Sic

1592 829 1750 877 etiam
1771 828 1788 857 ‘
1808 841 1989 891 pacem
2010 841 2197 892 parere
2215 827 2229 848 ’
2256 825 2507 891 Frequens
2520 825 2669 889 apud

1580 905 1868 954 Auctorem
1935 903 2199 968 Aggenns.
2232 903 2335 953 Sal.
2400 903 2671 952 Gruterus

1592 980 1797 1046 quidem
1822 987 2100 1045 utrumque
2121 985 2373 1044 pareretur·
2392 987 2449 1028 et
2468 991 2673 1042 parare·

1592 1063 1676 1107 tar
1698 1059 1883 1107 bonum
1906 1069 2020 1107 esse
2037 1055 2279 1115 affirmat,
2300 1054 2394 1104 sed
2418 1060 2526 1103 tam
2548 1067 2671 1118 pro-

1594 1139 1716 1197 pter
1746 1134 1875 1183 Nat.
1896 1133 1981 1182 cui
2006 1145 2183 1181 omnes
2204 1130 2485 1195 plurimum
2516 1127 2669 1178 defe-

1594 1219 1733 1272 runt,
1754 1223 1907 1274 quam
1938 1210 2096 1258 Saim.
2118 1207 2510 1270 auctoritatem,
2532 1204 2665 1254 iilud

1594 1285 1902 1348 recepimus.
1953 1284 2042 1333 Fr.
2110 1283 2279 1346 Ryck.
2326 1295 2444 1331 cum
2484 1280 2671 1329 multis

1594 1361 1708 1411 aliis
1726 1367 1781 1411 et
1800 1360 1921 1411 edd.
1936 1362 2127 1423 integra
2142 1360 2671 1423 dignitatemr-etur.

1594 1440 1721 1488 Mox
1742 1439 1877 1488 idem
1896 1438 2063 1502 Ryck.
2078 1437 2387 1500 direptionem
2402 1435 2542 1484 urbis
2554 1449 2669 1484 coa·

1592 1520 1856 1576 mar-nur,
1890 1527 1985 1576 pro
2012 1513 2245 1577 vulgato,
2265 1513 2330 1561 ad
2344 1513 2671 1575 direptionem

1590 1593 1723 1642 urbis
1743 1593 2004 1643 vocaretur.
2038 1585 2182 1642 Grae.
2247 1591 2313 1640 In
2330 1591 2499 1654 Ryck.
2518 1592 2668 1640 clare

1592 1673 1843 1736 scriptum
1866 1679 1948 1720 cst
1964 1675 2235 1734 pararetur,
2258 1675 2317 1719 ut
2332 1676 2388 1718 et
2410 1670 2463 1718 in
2481 1671 2671 1718 Beroi-

1592 1748 1778 1798 Duisb.
1798 1749 1948 1796 Fran.
1970 1755 2029 1796 et
2048 1746 2112 1796 V.
2136 1748 2199 1796 E.
2240 1747 2393 1799 Quod
2418 1747 2585 1795 etiam
2610 1745 2667 1794 in

1590 1824 1760 1874 altero
1793 1823 1908 1873 Pal.
1935 1831 2083 1882 erat3
2120 1823 2173 1872 in
2208 1822 2375 1872 altero
2408 1828 2467 1871 et
2490 1822 2667 1885 Magi.

1586 1903 1803 1963 paretur.
2368 1919 2371 1922 ⁴

1653 1976 1697 2039 ς.
1710 1979 1741 2024 7
1762 1975 1843 2024 Aa
1852 1979 2079 2024 terrorem
2095 1971 2388 2035 movendum]
2404 1970 2545 2021 Vide
2556 1983 2665 2020 om-

1590 2049 1713 2098 nino
1742 2047 1959 2098 Gruteri
1984 2047 2051 2096 ad
2084 2046 2329 2097 Tacitum
2366 2045 2664 2095 discursum

1590 2125 1803 2175 tertium
1830 2124 2103 2173 decimum.
2142 2123 2229 2171 Fr.

1658 2200 1861 2250 Facibus
1888 2205 2105 2256 armate,
2128 2203 2177 2248 et
2208 2198 2532 2260 discoloribus,
2562 2213 2668 2248 ser-

1587 2283 1781 2342 pentum
1812 2277 1867 2325 ia
1900 2276 2106 2340 modum,
2140 2273 2297 2335 uictis,
2317 2273 2499 2334 furiali
2525 2289 2666 2324 >more

1586 2352 1935 2420 processerant]
1959 2354 2163 2403 Faciam
2182 2358 2383 2401 tantum
2402 2352 2666 2414 meminit,

1589 2445 1691 2481 nou
1722 2430 1879 2479 etiam
1910 2434 2231 2491 serpentum,
2252 2427 2592 2491 praelatarum
2629 2442 2665 2475 a

1590 2504 1935 2555 Fidenatibus
1952 2518 2017 2553 eo
2036 2503 2238 2567 proelio,
2256 2502 2455 2563 Livius,
2472 2502 2564 2552 lib.
2582 2516 2663 2551 tv.

1588 2580 1603 2607 ⁶
1628 2579 1847 2645 Ignibus
1889 2587 2091 2629 armata
2128 2578 2309 2643 ingena
2351 2578 2663 2640 multitudo,

1586 2654 1890 2721 facibusque
1914 2654 2216 2705 ardentibus
2240 2661 2351 2705 tota
2373 2654 2669 2717 collucens,

1590 2733 1733 2783 veiut
1754 2730 1983 2781 fanatico
2008 2730 2259 2781 instincta
2291 2743 2447 2779 cursu
2471 2729 2525 2778 in
2542 2728 2661 2779 bos-

1590 2814 1696 2859 tem
1736 2806 1881 2856 ruit.’
1936 2804 2015 2855 At
2042 2805 2095 2855 in
2118 2805 2221 2855 aiio
2247 2804 2573 2855 Faliscorum
2595 2818 2659 2853 ac

1586 2882 2031 2948 Tarquiniensium
2060 2880 2217 2943 beno,
2242 2878 2379 2951 quod
2414 2894 2447 2928 a
2483 2880 2565 2929 M.
2600 2879 2658 2929 Ρ.

1589 2957 1845 3008 Ambusto
1866 2957 2057 3005 iterum
2088 2953 2298 3003 consule
2322 2951 2658 3017 profligatum

1589 3040 1689 3095 est,
1764 3030 2066 3081 sacerdotes
2120 3044 2296 3079 eorum
2344 3030 2659 3094 populorum

1588 3109 1731 3160 faces
1776 3110 2019 3161 ardentes
2072 3124 2371 3174 anguesque
2411 3109 2659 3172 pretate-

1588 3192 1729 3250 runt,
1754 3193 1815 3236 ut
1836 3186 1977 3235 idem
2010 3191 2267 3235 memorat
2297 3185 2413 3235 Liv.
2442 3182 2535 3235 lib.
2558 3196 2663 3236 vn.

1588 3262 1736 3327 cujus
1758 3262 1873 3311 hoec
1896 3260 2058 3311 verba
2076 3266 2228 3310 suntz
2276 3260 2295 3288 ‘
2318 3259 2452 3308 Inde
2484 3266 2661 3309 terror

1587 3338 1839 3387 maximus
1856 3335 2125 3399 fuit,quod
2136 3333 2437 3384 sacerdotes
2454 3348 2659 3398 eorum,

1587 3411 1789 3462 facibus
1810 3409 2116 3460 ardentibus
2142 3409 2499 3474 anguibusque
2528 3424 2658 3473 prae-

1586 3486 1723 3548 latis‚
1758 3485 1963 3535 incessu
1994 3483 2169 3535 furiali
2206 3484 2426 3535 militem
2462 3485 2656 3535 Roma-

1586 3575 1707 3611 num
1722 3562 1925 3611 insueta
1939 3560 2287 3610 turbaverunt
2304 3560 2515 3624 specie!
2548 3561 2659 3610 Ve-

1586 3652 1669 3687 ros
1722 3650 1918 3700 angues
1972 3635 2129 3685 fuisse
2174 3636 2389 3685 inuuere
2446 3634 2657 3685 videtur

1586 3713 1781 3763 Hvius.
1870 3712 2053 3761 Florus
2101 3710 2251 3761 fictos
2305 3708 2580 3775 factosque
2624 3725 2656 3760 c

1584 3789 1927 3840 discoloribus
1950 3788 2114 3847 vittis,
2129 3788 2216 3853 >qui
2240 3794 2299 3839 et
2320 3802 2405 3837 res
2425 3788 2656 3837 diversas

1584 3880 1647 3916 ac
1668 3872 1903 3929 tempora
1925 3865 2115 3916 miscet
2133 3862 2517 3928 confunditque
2540 3871 2655 3915 toto

1581 3942 1683 3991 hoc
1727 3940 1923 4003 capite.
1970 3938 2071 3990 Sal.
2156 3938 2330 3989 Etiam
2364 3938 2543 4003 Sigon.
2584 3938 2653 3989 ad

1584 4018 1695 4066 Ην.
1716 4018 1923 4065 vit-1⁷.
1962 4014 2230 4065 adnotavit
2252 4014 2368 4063 haec
2390 4014 2546 4068 aliter
2566 4028 2653 4065 re·

1486 4124 1495 4136 .
1583 4090 1711 4142 ferri
1754 4106 1783 4141 a
1828 4091 1999 4153 Floro,
2029 4103 2179 4153 quam
2217 4105 2248 4138 a
2294 4089 2461 4140 Livio.
2532 4090 2649 4141 Nec

1586 4167 1793 4219 videtui·
1816 4166 2135 4219 admittenda
2172 4165 2480 4229 conjectura
2514 4167 2651 4217 Gru-
