<?xml version="1.0" encoding="UTF-8"?>
<!DOCTYPE html PUBLIC "-//W3C//DTD XHTML 1.0 Transitional//EN"
    "http://www.w3.org/TR/xhtml1/DTD/xhtml1-transitional.dtd">
<html xmlns="http://www.w3.org/1999/xhtml" xml:lang="en" lang="en">
 <head>
  <title>
</title>
<meta http-equiv="Content-Type" content="text/html;charset=utf-8" />
  <meta name='ocr-system' content='tesseract 3.04.00' />
  <meta name='ocr-capabilities' content='ocr_page ocr_carea ocr_par ocr_line ocrx_word'/>
</head>
<body>
  <div class='ocr_page' id='page_1' title='image "./lannaeifloriepi00fiscgoog_0377.png"; bbox 0 0 2910 4693; ppageno 0'>
   <div class='ocr_carea' id='block_1_1' title="bbox 665 280 2406 351">
    <p class='ocr_par' dir='ltr' id='par_1_1' title="bbox 665 280 2406 351">
     <span class='ocr_line' id='line_1_1' title="bbox 665 280 2406 351; baseline -0.001 -6"><span class='ocrx_word' id='word_1_1' title='bbox 665 292 735 345; x_wconf 82' lang='lat'>1..</span> <span class='ocrx_word' id='word_1_2' title='bbox 779 293 1035 345; x_wconf 66' lang='lat' dir='ltr'>Anum</span> <span class='ocrx_word' id='word_1_3' title='bbox 1082 292 1305 345; x_wconf 67' lang='lat' dir='ltr'>suom</span> <span class='ocrx_word' id='word_1_4' title='bbox 1352 292 1500 341; x_wconf 79' lang='lat' dir='ltr'>mu.</span> <span class='ocrx_word' id='word_1_5' title='bbox 1547 290 1662 342; x_wconf 84' lang='lat' dir='ltr'>m.</span> <span class='ocrx_word' id='word_1_6' title='bbox 1706 294 1872 343; x_wconf 68' lang='lat' dir='ltr'>on.</span> <span class='ocrx_word' id='word_1_7' title='bbox 1913 280 1978 347; x_wconf 77' lang='lat'>3.</span> <span class='ocrx_word' id='word_1_8' title='bbox 2275 282 2406 351; x_wconf 80' lang='grc'>799</span> 
     </span>
    </p>
   </div>
   <div class='ocr_carea' id='block_1_2' title="bbox 176 434 1295 4214">
    <p class='ocr_par' dir='ltr' id='par_1_2' title="bbox 176 434 1272 793">
     <span class='ocr_line' id='line_1_2' title="bbox 178 434 1269 499; baseline -0.001 -11"><span class='ocrx_word' id='word_1_9' title='bbox 178 452 321 489; x_wconf 80' lang='lat' dir='ltr'>cnm</span> <span class='ocrx_word' id='word_1_10' title='bbox 362 438 523 487; x_wconf 77' lang='lat' dir='ltr'>Floro</span> <span class='ocrx_word' id='word_1_11' title='bbox 558 436 744 488; x_wconf 79' lang='lat' dir='ltr'>scribit</span> <span class='ocrx_word' id='word_1_12' title='bbox 773 436 983 499; x_wconf 71' lang='lat' dir='ltr'>Strabo,</span> <span class='ocrx_word' id='word_1_13' title='bbox 1018 434 1111 485; x_wconf 86' lang='lat' dir='ltr'>lib.</span> <span class='ocrx_word' id='word_1_14' title='bbox 1132 438 1183 485; x_wconf 79' lang='grc'><strong>4.</strong></span> <span class='ocrx_word' id='word_1_15' title='bbox 1215 449 1269 498; x_wconf 81' lang='lat' dir='ltr'>p.</span> 
     </span>
     <span class='ocr_line' id='line_1_3' title="bbox 178 513 1271 579; baseline -0.004 -14"><span class='ocrx_word' id='word_1_16' title='bbox 178 520 317 565; x_wconf 76' lang='grc'><strong>128.</strong></span> <span class='ocrx_word' id='word_1_17' title='bbox 350 520 647 579; x_wconf 76' lang='lat' dir='ltr'>erectaque</span> <span class='ocrx_word' id='word_1_18' title='bbox 689 514 805 565; x_wconf 64' lang='lat' dir='ltr'>bae</span> <span class='ocrx_word' id='word_1_19' title='bbox 847 513 1079 577; x_wconf 71' lang='lat' dir='ltr'>tropbaes</span> <span class='ocrx_word' id='word_1_20' title='bbox 1110 513 1271 577; x_wconf 71' lang='lat' dir='ltr'>Justs</span> 
     </span>
     <span class='ocr_line' id='line_1_4' title="bbox 180 586 1271 641; baseline -0.005 0"><span class='ocrx_word' id='word_1_21' title='bbox 180 590 547 641; x_wconf 72' lang='lat' dir='ltr'>emmenum</span> <span class='ocrx_word' id='word_1_22' title='bbox 580 596 811 641; x_wconf 88' lang='lat' dir='ltr'>montem</span> <span class='ocrx_word' id='word_1_23' title='bbox 832 590 899 639; x_wconf 83' lang='lat' dir='ltr'>sd</span> <span class='ocrx_word' id='word_1_24' title='bbox 920 586 1271 641; x_wconf 84' lang='lat' dir='ltr'>confluentem</span> 
     </span>
     <span class='ocr_line' id='line_1_5' title="bbox 176 662 1272 717; baseline -0.004 -2"><span class='ocrx_word' id='word_1_25' title='bbox 176 664 371 717; x_wconf 64' lang='lat' dir='ltr'>Isara</span> <span class='ocrx_word' id='word_1_26' title='bbox 406 672 469 717; x_wconf 85' lang='lat' dir='ltr'>et</span> <span class='ocrx_word' id='word_1_27' title='bbox 500 665 759 715; x_wconf 74' lang='lat' dir='ltr'>Rhodani.</span> <span class='ocrx_word' id='word_1_28' title='bbox 796 666 935 715; x_wconf 75' lang='lat' dir='ltr'>Stud.</span> <span class='ocrx_word' id='word_1_29' title='bbox 1000 662 1141 716; x_wconf 86' lang='lat' dir='ltr'>Add.</span> <span class='ocrx_word' id='word_1_30' title='bbox 1174 662 1272 711; x_wconf 78' lang='lat' dir='ltr'>Ca·</span> 
     </span>
     <span class='ocr_line' id='line_1_6' title="bbox 176 741 777 793; baseline 0.003 -2"><span class='ocrx_word' id='word_1_31' title='bbox 176 742 347 793; x_wconf 66' lang='lat' dir='ltr'>nub.</span> <span class='ocrx_word' id='word_1_32' title='bbox 368 742 441 791; x_wconf 76' lang='lat' dir='ltr'>ad</span> <span class='ocrx_word' id='word_1_33' title='bbox 461 741 639 793; x_wconf 85' lang='lat' dir='ltr'>Strab.</span> <span class='ocrx_word' id='word_1_34' title='bbox 662 743 698 792; x_wconf 86' lang='lat' dir='ltr'>l.</span> <span class='ocrx_word' id='word_1_35' title='bbox 722 742 777 793; x_wconf 88' lang='lat' dir='ltr'>d.</span> 
     </span>
    </p>

    <p class='ocr_par' dir='ltr' id='par_1_3' title="bbox 256 816 1272 879">
     <span class='ocr_line' id='line_1_7' title="bbox 256 816 1272 879; baseline 0.002 -13"><span class='ocrx_word' id='word_1_36' title='bbox 256 818 531 879; x_wconf 67' lang='lat' dir='ltr'>Nunquam</span> <span class='ocrx_word' id='word_1_37' title='bbox 567 818 693 867; x_wconf 73' lang='lat' dir='ltr'>enim</span> <span class='ocrx_word' id='word_1_38' title='bbox 718 818 782 869; x_wconf 90' lang='lat' dir='ltr'>P.</span> <span class='ocrx_word' id='word_1_39' title='bbox 812 819 875 869; x_wconf 80' lang='lat' dir='ltr'>R.</span> <span class='ocrx_word' id='word_1_40' title='bbox 906 816 1116 867; x_wconf 67' lang='lat' dir='ltr'>hostibus</span> <span class='ocrx_word' id='word_1_41' title='bbox 1146 819 1272 868; x_wconf 77' lang='lat' dir='ltr'>dous.</span> 
     </span>
    </p>

    <p class='ocr_par' dir='ltr' id='par_1_4' title="bbox 177 892 1293 3835">
     <span class='ocr_line' id='line_1_8' title="bbox 177 892 1275 957; baseline 0.002 -16"><span class='ocrx_word' id='word_1_42' title='bbox 177 892 461 942; x_wconf 69' lang='lat' dir='ltr'>victorinus</span> <span class='ocrx_word' id='word_1_43' title='bbox 482 908 619 943; x_wconf 70' lang='lat' dir='ltr'>susm</span> <span class='ocrx_word' id='word_1_44' title='bbox 644 894 973 957; x_wconf 72' lang='lat' dir='ltr'>exprobravit]</span> <span class='ocrx_word' id='word_1_45' title='bbox 1003 894 1195 945; x_wconf 85' lang='lat' dir='ltr'>Similis</span> <span class='ocrx_word' id='word_1_46' title='bbox 1216 900 1275 943; x_wconf 89' lang='lat' dir='ltr'>et</span> 
     </span>
     <span class='ocr_line' id='line_1_9' title="bbox 180 968 1275 1031; baseline 0 -14"><span class='ocrx_word' id='word_1_47' title='bbox 180 968 591 1019; x_wconf 70' lang='lat' dir='ltr'>Macedonibus</span> <span class='ocrx_word' id='word_1_48' title='bbox 649 970 963 1031; x_wconf 77' lang='lat' dir='ltr'>moderatio,</span> <span class='ocrx_word' id='word_1_49' title='bbox 1014 969 1275 1019; x_wconf 74' lang='lat' dir='ltr'>Pausania</span> 
     </span>
     <span class='ocr_line' id='line_1_10' title="bbox 180 1042 1273 1107; baseline 0.003 -16"><span class='ocrx_word' id='word_1_50' title='bbox 180 1050 343 1093; x_wconf 77' lang='lat' dir='ltr'>teste</span> <span class='ocrx_word' id='word_1_51' title='bbox 366 1043 423 1092; x_wconf 89' lang='lat' dir='ltr'>in</span> <span class='ocrx_word' id='word_1_52' title='bbox 445 1042 717 1107; x_wconf 79' lang='lat' dir='ltr'>Boeoticis,</span> <span class='ocrx_word' id='word_1_53' title='bbox 746 1042 849 1093; x_wconf 85' lang='lat' dir='ltr'>fine</span> <span class='ocrx_word' id='word_1_54' title='bbox 875 1043 1009 1093; x_wconf 82' lang='lat' dir='ltr'><strong>libri.</strong></span> <span class='ocrx_word' id='word_1_55' title='bbox 1076 1044 1273 1094; x_wconf 83' lang='lat' dir='ltr'>Nescio</span> 
     </span>
     <span class='ocr_line' id='line_1_11' title="bbox 182 1117 1275 1183; baseline 0 -16"><span class='ocrx_word' id='word_1_56' title='bbox 182 1117 330 1183; x_wconf 83' lang='lat' dir='ltr'>quid</span> <span class='ocrx_word' id='word_1_57' title='bbox 358 1118 561 1180; x_wconf 79' lang='lat' dir='ltr'>Livius,</span> <span class='ocrx_word' id='word_1_58' title='bbox 594 1122 645 1181; x_wconf 81' lang='lat'>8,</span> <span class='ocrx_word' id='word_1_59' title='bbox 664 1121 747 1183; x_wconf 77' lang='lat'>80,</span> <span class='ocrx_word' id='word_1_60' title='bbox 767 1124 850 1169; x_wconf 87' lang='lat'>10.</span> <span class='ocrx_word' id='word_1_61' title='bbox 882 1118 1123 1179; x_wconf 73' lang='lat' dir='ltr'><strong>senserit,</strong></span> <span class='ocrx_word' id='word_1_62' title='bbox 1156 1133 1275 1169; x_wconf 87' lang='lat' dir='ltr'>cum</span> 
     </span>
     <span class='ocr_line' id='line_1_12' title="bbox 180 1191 1274 1255; baseline 0 -12"><span class='ocrx_word' id='word_1_63' title='bbox 180 1192 487 1255; x_wconf 82' lang='lat' dir='ltr'>scriberet,</span> <span class='ocrx_word' id='word_1_64' title='bbox 518 1191 737 1245; x_wconf 77' lang='lat' dir='ltr'>Fabium</span> <span class='ocrx_word' id='word_1_65' title='bbox 780 1208 925 1244; x_wconf 80' lang='lat' dir='ltr'>arms</span> <span class='ocrx_word' id='word_1_66' title='bbox 968 1194 1274 1245; x_wconf 74' lang='lat' dir='ltr'><strong>Samnitium</strong></span> 
     </span>
     <span class='ocr_line' id='line_1_13' title="bbox 184 1268 1276 1335; baseline -0.002 -14"><span class='ocrx_word' id='word_1_67' title='bbox 184 1282 487 1332; x_wconf 76' lang='lat' dir='ltr'>cremasse,</span> <span class='ocrx_word' id='word_1_68' title='bbox 506 1276 673 1332; x_wconf 88' lang='lat' dir='ltr'>metu,</span> <span class='ocrx_word' id='word_1_69' title='bbox 693 1272 709 1299; x_wconf 87' lang='lat'>‘</span> <span class='ocrx_word' id='word_1_70' title='bbox 729 1283 795 1319; x_wconf 89' lang='lat' dir='ltr'>ne</span> <span class='ocrx_word' id='word_1_71' title='bbox 813 1286 919 1321; x_wconf 73' lang='lat' dir='ltr'>sum</span> <span class='ocrx_word' id='word_1_72' title='bbox 940 1270 1119 1335; x_wconf 64' lang='lat' dir='ltr'>glorie</span> <span class='ocrx_word' id='word_1_73' title='bbox 1140 1268 1276 1319; x_wconf 84' lang='lat' dir='ltr'>fruc·</span> 
     </span>
     <span class='ocr_line' id='line_1_14' title="bbox 191 1342 1275 1410; baseline -0.001 -16"><span class='ocrx_word' id='word_1_74' title='bbox 191 1352 321 1395; x_wconf 83' lang='lat' dir='ltr'>tum</span> <span class='ocrx_word' id='word_1_75' title='bbox 344 1344 584 1395; x_wconf 75' lang='lat' dir='ltr'>dictator</span> <span class='ocrx_word' id='word_1_76' title='bbox 604 1342 905 1410; x_wconf 77' lang='lat' dir='ltr'>(Papirius)</span> <span class='ocrx_word' id='word_1_77' title='bbox 930 1351 1165 1409; x_wconf 78' lang='lat' dir='ltr'>caperet,</span> <span class='ocrx_word' id='word_1_78' title='bbox 1184 1359 1275 1393; x_wconf 88' lang='lat' dir='ltr'>no·</span> 
     </span>
     <span class='ocr_line' id='line_1_15' title="bbox 188 1418 1274 1486; baseline -0.003 -15"><span class='ocrx_word' id='word_1_79' title='bbox 188 1434 435 1486; x_wconf 86' lang='lat' dir='ltr'>menque</span> <span class='ocrx_word' id='word_1_80' title='bbox 454 1420 528 1471; x_wconf 92' lang='lat' dir='ltr'>ibi</span> <span class='ocrx_word' id='word_1_81' title='bbox 545 1420 828 1471; x_wconf 72' lang='lat' dir='ltr'>scriberet:</span> <span class='ocrx_word' id='word_1_82' title='bbox 848 1420 862 1443; x_wconf 91' lang='lat'>&#39;</span> <span class='ocrx_word' id='word_1_83' title='bbox 883 1420 1019 1485; x_wconf 85' lang='lat' dir='ltr'>quod</span> <span class='ocrx_word' id='word_1_84' title='bbox 1036 1418 1274 1485; x_wconf 76' lang='lat' dir='ltr'>equidem</span> 
     </span>
     <span class='ocr_line' id='line_1_16' title="bbox 194 1494 1275 1561; baseline -0.002 -14"><span class='ocrx_word' id='word_1_85' title='bbox 194 1497 265 1547; x_wconf 82' lang='lat' dir='ltr'>de</span> <span class='ocrx_word' id='word_1_86' title='bbox 279 1497 531 1561; x_wconf 72' lang='lat' dir='ltr'>trophaeo</span> <span class='ocrx_word' id='word_1_87' title='bbox 542 1494 1275 1561; x_wconf 71' lang='lat' dir='ltr'>intelligendum,erigentium</span> 
     </span>
     <span class='ocr_line' id='line_1_17' title="bbox 194 1570 1278 1637; baseline -0.006 -12"><span class='ocrx_word' id='word_1_88' title='bbox 194 1574 459 1637; x_wconf 71' lang='lat' dir='ltr'>exempla</span> <span class='ocrx_word' id='word_1_89' title='bbox 499 1571 725 1623; x_wconf 81' lang='lat' dir='ltr'>docent:</span> <span class='ocrx_word' id='word_1_90' title='bbox 775 1572 839 1621; x_wconf 87' lang='lat' dir='ltr'>iis</span> <span class='ocrx_word' id='word_1_91' title='bbox 889 1571 1027 1622; x_wconf 87' lang='lat' dir='ltr'>enim</span> <span class='ocrx_word' id='word_1_92' title='bbox 1068 1570 1278 1621; x_wconf 78' lang='lat' dir='ltr'>nomina</span> 
     </span>
     <span class='ocr_line' id='line_1_18' title="bbox 196 1644 1276 1711; baseline -0.003 -12"><span class='ocrx_word' id='word_1_93' title='bbox 196 1664 299 1699; x_wconf 76' lang='lat' dir='ltr'>sua</span> <span class='ocrx_word' id='word_1_94' title='bbox 360 1648 657 1699; x_wconf 71' lang='lat' dir='ltr'>inscribere</span> <span class='ocrx_word' id='word_1_95' title='bbox 713 1648 872 1699; x_wconf 88' lang='lat' dir='ltr'>moris</span> <span class='ocrx_word' id='word_1_96' title='bbox 928 1653 1042 1697; x_wconf 82' lang='lat' dir='ltr'>erat</span> <span class='ocrx_word' id='word_1_97' title='bbox 1062 1663 1089 1705; x_wconf 71' lang='grc' dir='ltr'>ε,</span> <span class='ocrx_word' id='word_1_98' title='bbox 1134 1644 1276 1711; x_wconf 89' lang='lat' dir='ltr'>quod</span> 
     </span>
     <span class='ocr_line' id='line_1_19' title="bbox 197 1720 1274 1775; baseline -0.003 -2"><span class='ocrx_word' id='word_1_99' title='bbox 197 1723 399 1773; x_wconf 87' lang='lat' dir='ltr'>deinde</span> <span class='ocrx_word' id='word_1_100' title='bbox 420 1723 521 1773; x_wconf 87' lang='lat' dir='ltr'>sub</span> <span class='ocrx_word' id='word_1_101' title='bbox 546 1724 835 1775; x_wconf 65' lang='lat' dir='ltr'>Cesaribus</span> <span class='ocrx_word' id='word_1_102' title='bbox 867 1720 1084 1773; x_wconf 78' lang='lat' dir='ltr'>fuctum.</span> <span class='ocrx_word' id='word_1_103' title='bbox 1148 1720 1274 1770; x_wconf 75' lang='lat' dir='ltr'>Tac.</span> 
     </span>
     <span class='ocr_line' id='line_1_20' title="bbox 196 1795 1277 1863; baseline -0.004 -12"><span class='ocrx_word' id='word_1_104' title='bbox 196 1799 310 1851; x_wconf 75' lang='lat' dir='ltr'>An.</span> <span class='ocrx_word' id='word_1_105' title='bbox 348 1804 405 1863; x_wconf 86' lang='grc'>2,</span> <span class='ocrx_word' id='word_1_106' title='bbox 434 1803 526 1861; x_wconf 86' lang='grc'><strong>22,</strong></span> <span class='ocrx_word' id='word_1_107' title='bbox 563 1804 612 1849; x_wconf 92' lang='grc'><strong>1.</strong></span> <span class='ocrx_word' id='word_1_108' title='bbox 656 1798 875 1849; x_wconf 72' lang='lat' dir='ltr'>Freinsb.</span> <span class='ocrx_word' id='word_1_109' title='bbox 938 1798 1107 1849; x_wconf 66' lang='lat' dir='ltr'>Iocus</span> <span class='ocrx_word' id='word_1_110' title='bbox 1140 1795 1277 1847; x_wconf 82' lang='lat' dir='ltr'>Livii</span> 
     </span>
     <span class='ocr_line' id='line_1_21' title="bbox 200 1871 1277 1939; baseline -0.004 -14"><span class='ocrx_word' id='word_1_111' title='bbox 200 1874 433 1925; x_wconf 75' lang='lat' dir='ltr'>forsitan</span> <span class='ocrx_word' id='word_1_112' title='bbox 478 1874 813 1939; x_wconf 77' lang='lat' dir='ltr'>accipiendus</span> <span class='ocrx_word' id='word_1_113' title='bbox 857 1880 938 1925; x_wconf 85' lang='lat' dir='ltr'>est</span> <span class='ocrx_word' id='word_1_114' title='bbox 980 1873 1047 1923; x_wconf 88' lang='lat' dir='ltr'>de</span> <span class='ocrx_word' id='word_1_115' title='bbox 1098 1871 1277 1937; x_wconf 85' lang='lat' dir='ltr'>spoliis</span> 
     </span>
     <span class='ocr_line' id='line_1_22' title="bbox 202 1948 1277 2015; baseline -0.005 -14"><span class='ocrx_word' id='word_1_116' title='bbox 202 1956 333 2015; x_wconf 86' lang='lat' dir='ltr'>post</span> <span class='ocrx_word' id='word_1_117' title='bbox 368 1950 689 2013; x_wconf 85' lang='lat' dir='ltr'>triumphum</span> <span class='ocrx_word' id='word_1_118' title='bbox 727 1948 783 1998; x_wconf 85' lang='lat' dir='ltr'>in</span> <span class='ocrx_word' id='word_1_119' title='bbox 808 1948 1017 2013; x_wconf 89' lang='lat' dir='ltr'>templis</span> <span class='ocrx_word' id='word_1_120' title='bbox 1042 1948 1277 1997; x_wconf 81' lang='lat' dir='ltr'>Deorum</span> 
     </span>
     <span class='ocr_line' id='line_1_23' title="bbox 206 2024 1278 2091; baseline -0.005 -14"><span class='ocrx_word' id='word_1_121' title='bbox 206 2041 331 2077; x_wconf 83' lang='lat' dir='ltr'>cum</span> <span class='ocrx_word' id='word_1_122' title='bbox 352 2024 557 2076; x_wconf 86' lang='lat' dir='ltr'>solenni</span> <span class='ocrx_word' id='word_1_123' title='bbox 580 2024 928 2091; x_wconf 87' lang='lat' dir='ltr'>Inscriptione</span> <span class='ocrx_word' id='word_1_124' title='bbox 949 2024 1083 2075; x_wconf 85' lang='lat' dir='ltr'>fixis.</span> <span class='ocrx_word' id='word_1_125' title='bbox 1140 2024 1190 2073; x_wconf 86' lang='lat' dir='ltr'>N</span> <span class='ocrx_word' id='word_1_126' title='bbox 1195 2038 1278 2073; x_wconf 81' lang='lat' dir='ltr'>am</span> 
     </span>
     <span class='ocr_line' id='line_1_24' title="bbox 208 2099 1279 2167; baseline -0.002 -16"><span class='ocrx_word' id='word_1_127' title='bbox 208 2102 481 2153; x_wconf 77' lang='lat' dir='ltr'>Romanos</span> <span class='ocrx_word' id='word_1_128' title='bbox 522 2100 717 2167; x_wconf 84' lang='lat' dir='ltr'>alioqui</span> <span class='ocrx_word' id='word_1_129' title='bbox 776 2102 840 2151; x_wconf 86' lang='lat' dir='ltr'>iis</span> <span class='ocrx_word' id='word_1_130' title='bbox 892 2100 1044 2163; x_wconf 86' lang='lat' dir='ltr'>locis,</span> <span class='ocrx_word' id='word_1_131' title='bbox 1096 2099 1279 2165; x_wconf 86' lang='lat' dir='ltr'>quibus</span> 
     </span>
     <span class='ocr_line' id='line_1_25' title="bbox 206 2174 1279 2242; baseline -0.002 -15"><span class='ocrx_word' id='word_1_132' title='bbox 206 2177 339 2228; x_wconf 76' lang='lat' dir='ltr'>victi</span> <span class='ocrx_word' id='word_1_133' title='bbox 360 2177 577 2228; x_wconf 80' lang='lat' dir='ltr'>fuerant</span> <span class='ocrx_word' id='word_1_134' title='bbox 597 2178 787 2242; x_wconf 86' lang='lat' dir='ltr'>hostes,</span> <span class='ocrx_word' id='word_1_135' title='bbox 803 2192 903 2227; x_wconf 87' lang='lat' dir='ltr'>non</span> <span class='ocrx_word' id='word_1_136' title='bbox 922 2178 1097 2229; x_wconf 86' lang='lat' dir='ltr'>solitos</span> <span class='ocrx_word' id='word_1_137' title='bbox 1119 2174 1279 2229; x_wconf 82' lang='lat' dir='ltr'>fuisse</span> 
     </span>
     <span class='ocr_line' id='line_1_26' title="bbox 208 2253 1282 2319; baseline 0 -16"><span class='ocrx_word' id='word_1_138' title='bbox 208 2262 418 2319; x_wconf 63' lang='lat' dir='ltr'>tropea</span> <span class='ocrx_word' id='word_1_139' title='bbox 448 2268 644 2318; x_wconf 81' lang='lat' dir='ltr'>ponere</span> <span class='ocrx_word' id='word_1_140' title='bbox 678 2269 822 2305; x_wconf 87' lang='lat' dir='ltr'>more</span> <span class='ocrx_word' id='word_1_141' title='bbox 852 2254 1177 2314; x_wconf 71' lang='lat' dir='ltr'>Graecorum,</span> <span class='ocrx_word' id='word_1_142' title='bbox 1206 2253 1282 2303; x_wconf 88' lang='lat' dir='ltr'>in-</span> 
     </span>
     <span class='ocr_line' id='line_1_27' title="bbox 214 2328 1282 2395; baseline -0.003 -14"><span class='ocrx_word' id='word_1_143' title='bbox 214 2329 352 2382; x_wconf 86' lang='lat' dir='ltr'>dicio</span> <span class='ocrx_word' id='word_1_144' title='bbox 390 2336 475 2380; x_wconf 88' lang='lat' dir='ltr'>est</span> <span class='ocrx_word' id='word_1_145' title='bbox 512 2330 773 2381; x_wconf 86' lang='lat' dir='ltr'>silentium</span> <span class='ocrx_word' id='word_1_146' title='bbox 791 2328 1119 2395; x_wconf 83' lang='lat' dir='ltr'>Scriptorum</span> <span class='ocrx_word' id='word_1_147' title='bbox 1144 2328 1282 2379; x_wconf 83' lang='lat' dir='ltr'>Lati-</span> 
     </span>
     <span class='ocr_line' id='line_1_28' title="bbox 212 2404 1279 2470; baseline -0.002 -14"><span class='ocrx_word' id='word_1_148' title='bbox 212 2421 401 2457; x_wconf 81' lang='lat' dir='ltr'>norum</span> <span class='ocrx_word' id='word_1_149' title='bbox 447 2405 515 2456; x_wconf 89' lang='lat' dir='ltr'>de</span> <span class='ocrx_word' id='word_1_150' title='bbox 552 2421 617 2458; x_wconf 77' lang='lat' dir='ltr'>es</span> <span class='ocrx_word' id='word_1_151' title='bbox 658 2421 748 2457; x_wconf 86' lang='lat' dir='ltr'>re:</span> <span class='ocrx_word' id='word_1_152' title='bbox 795 2421 948 2470; x_wconf 90' lang='lat' dir='ltr'>quum</span> <span class='ocrx_word' id='word_1_153' title='bbox 985 2405 1037 2455; x_wconf 88' lang='lat' dir='ltr'>in</span> <span class='ocrx_word' id='word_1_154' title='bbox 1078 2404 1279 2455; x_wconf 73' lang='lat' dir='ltr'>Graecis</span> 
     </span>
     <span class='ocr_line' id='line_1_29' title="bbox 214 2481 1281 2548; baseline 0 -16"><span class='ocrx_word' id='word_1_155' title='bbox 214 2482 349 2546; x_wconf 66' lang='lat' dir='ltr'>nuni,</span> <span class='ocrx_word' id='word_1_156' title='bbox 379 2481 705 2548; x_wconf 75' lang='lat' dir='ltr'>frequentius</span> <span class='ocrx_word' id='word_1_157' title='bbox 743 2483 833 2546; x_wconf 85' lang='lat' dir='ltr'>sit,</span> <span class='ocrx_word' id='word_1_158' title='bbox 865 2497 1015 2548; x_wconf 85' lang='lat' dir='ltr'>quam</span> <span class='ocrx_word' id='word_1_159' title='bbox 1047 2488 1124 2545; x_wconf 90' lang='lat' dir='ltr'>ut,</span> <span class='ocrx_word' id='word_1_160' title='bbox 1158 2490 1281 2546; x_wconf 92' lang='lat' dir='ltr'>post</span> 
     </span>
     <span class='ocr_line' id='line_1_30' title="bbox 216 2556 1280 2622; baseline 0.001 -15"><span class='ocrx_word' id='word_1_161' title='bbox 216 2557 441 2608; x_wconf 76' lang='lat' dir='ltr'>relatam</span> <span class='ocrx_word' id='word_1_162' title='bbox 483 2558 696 2607; x_wconf 78' lang='lat' dir='ltr'>alterius</span> <span class='ocrx_word' id='word_1_163' title='bbox 740 2558 907 2622; x_wconf 78' lang='lat' dir='ltr'>partis</span> <span class='ocrx_word' id='word_1_164' title='bbox 950 2556 1171 2620; x_wconf 70' lang='lat' dir='ltr'>cladem,</span> <span class='ocrx_word' id='word_1_165' title='bbox 1214 2556 1280 2608; x_wconf 87' lang='lat' dir='ltr'>de</span> 
     </span>
     <span class='ocr_line' id='line_1_31' title="bbox 212 2629 1279 2696; baseline 0 -16"><span class='ocrx_word' id='word_1_166' title='bbox 212 2631 505 2682; x_wconf 79' lang='lat' dir='ltr'>victoribus</span> <span class='ocrx_word' id='word_1_167' title='bbox 554 2631 734 2682; x_wconf 80' lang='lat' dir='ltr'>dicant</span> <span class='ocrx_word' id='word_1_168' title='bbox 778 2629 1001 2696; x_wconf 73' lang='grc' dir='ltr'>τρόπαιον</span> <span class='ocrx_word' id='word_1_169' title='bbox 1054 2629 1279 2691; x_wconf 59' lang='grc' dir='ltr'><strong>ἔστησάν.</strong></span> 
     </span>
     <span class='ocr_line' id='line_1_32' title="bbox 206 2704 1283 2773; baseline -0.002 -15"><span class='ocrx_word' id='word_1_170' title='bbox 206 2707 501 2758; x_wconf 80' lang='lat' dir='ltr'>Romulum</span> <span class='ocrx_word' id='word_1_171' title='bbox 537 2707 745 2773; x_wconf 88' lang='lat' dir='ltr'>quidem</span> <span class='ocrx_word' id='word_1_172' title='bbox 768 2707 937 2770; x_wconf 78' lang='lat' dir='ltr'>spolia</span> <span class='ocrx_word' id='word_1_173' title='bbox 958 2704 1177 2756; x_wconf 78' lang='lat' dir='ltr'>Acronis</span> <span class='ocrx_word' id='word_1_174' title='bbox 1215 2705 1283 2756; x_wconf 79' lang='lat' dir='ltr'>sd</span> 
     </span>
     <span class='ocr_line' id='line_1_33' title="bbox 213 2783 1284 2849; baseline -0.002 -16"><span class='ocrx_word' id='word_1_175' title='bbox 213 2798 469 2849; x_wconf 75' lang='lat' dir='ltr'>quercum</span> <span class='ocrx_word' id='word_1_176' title='bbox 502 2783 555 2834; x_wconf 88' lang='lat' dir='ltr'>in</span> <span class='ocrx_word' id='word_1_177' title='bbox 589 2783 798 2833; x_wconf 88' lang='lat' dir='ltr'>modum</span> <span class='ocrx_word' id='word_1_178' title='bbox 842 2783 1031 2848; x_wconf 73' lang='lat' dir='ltr'>tropaei</span> <span class='ocrx_word' id='word_1_179' title='bbox 1075 2789 1284 2832; x_wconf 84' lang='lat' dir='ltr'>trunca·</span> 
     </span>
     <span class='ocr_line' id='line_1_34' title="bbox 212 2858 1286 2925; baseline -0.005 -13"><span class='ocrx_word' id='word_1_180' title='bbox 212 2870 331 2912; x_wconf 75' lang='lat' dir='ltr'>tam</span> <span class='ocrx_word' id='word_1_181' title='bbox 374 2858 707 2925; x_wconf 70' lang='lat' dir='ltr'>suspendisse</span> <span class='ocrx_word' id='word_1_182' title='bbox 740 2859 925 2910; x_wconf 86' lang='lat' dir='ltr'>dicunt</span> <span class='ocrx_word' id='word_1_183' title='bbox 956 2860 1195 2920; x_wconf 87' lang='lat' dir='ltr'>Veteres,</span> <span class='ocrx_word' id='word_1_184' title='bbox 1227 2863 1286 2908; x_wconf 87' lang='lat' dir='ltr'>et</span> 
     </span>
     <span class='ocr_line' id='line_1_35' title="bbox 209 2933 1284 2998; baseline -0.004 -12"><span class='ocrx_word' id='word_1_185' title='bbox 209 2935 529 2986; x_wconf 68' lang='lat' dir='ltr'>Herminium</span> <span class='ocrx_word' id='word_1_186' title='bbox 550 2935 674 2987; x_wconf 80' lang='lat' dir='ltr'>Jovi</span> <span class='ocrx_word' id='word_1_187' title='bbox 694 2949 907 2986; x_wconf 78' lang='lat' dir='ltr'>aureum</span> <span class='ocrx_word' id='word_1_188' title='bbox 940 2941 1195 2998; x_wconf 66' lang='lat' dir='ltr'>tropeum</span> <span class='ocrx_word' id='word_1_189' title='bbox 1217 2933 1284 2983; x_wconf 87' lang='lat' dir='ltr'>de</span> 
     </span>
     <span class='ocr_line' id='line_1_36' title="bbox 208 3011 1285 3078; baseline -0.004 -14"><span class='ocrx_word' id='word_1_190' title='bbox 208 3011 492 3078; x_wconf 82' lang='lat' dir='ltr'>torquibus</span> <span class='ocrx_word' id='word_1_191' title='bbox 534 3012 803 3062; x_wconf 81' lang='lat' dir='ltr'>Gallorum</span> <span class='ocrx_word' id='word_1_192' title='bbox 848 3013 1083 3076; x_wconf 81' lang='lat' dir='ltr'>posuisse</span> <span class='ocrx_word' id='word_1_193' title='bbox 1126 3012 1285 3063; x_wconf 80' lang='lat' dir='ltr'>etism</span> 
     </span>
     <span class='ocr_line' id='line_1_37' title="bbox 212 3089 1283 3141; baseline -0.003 0"><span class='ocrx_word' id='word_1_194' title='bbox 212 3092 411 3141; x_wconf 81' lang='lat' dir='ltr'>Florus</span> <span class='ocrx_word' id='word_1_195' title='bbox 433 3104 498 3140; x_wconf 82' lang='lat' dir='ltr'>u.</span> <span class='ocrx_word' id='word_1_196' title='bbox 518 3095 571 3140; x_wconf 99' lang='grc'><strong>4.</strong></span> <span class='ocrx_word' id='word_1_197' title='bbox 600 3093 653 3140; x_wconf 79' lang='grc'><strong>4.</strong></span> <span class='ocrx_word' id='word_1_198' title='bbox 714 3089 823 3140; x_wconf 86' lang='lat' dir='ltr'>Sed</span> <span class='ocrx_word' id='word_1_199' title='bbox 860 3090 971 3140; x_wconf 74' lang='lat' dir='ltr'>baec</span> <span class='ocrx_word' id='word_1_200' title='bbox 1010 3089 1111 3138; x_wconf 79' lang='lat' dir='ltr'>alis</span> <span class='ocrx_word' id='word_1_201' title='bbox 1146 3094 1283 3139; x_wconf 86' lang='lat' dir='ltr'>sunt.</span> 
     </span>
     <span class='ocr_line' id='line_1_38' title="bbox 216 3164 1289 3226; baseline -0.004 -10"><span class='ocrx_word' id='word_1_202' title='bbox 216 3167 363 3216; x_wconf 76' lang='lat' dir='ltr'>Nam</span> <span class='ocrx_word' id='word_1_203' title='bbox 404 3165 607 3226; x_wconf 77' lang='lat' dir='ltr'>Florus,</span> <span class='ocrx_word' id='word_1_204' title='bbox 638 3171 701 3216; x_wconf 82' lang='lat' dir='ltr'>ut</span> <span class='ocrx_word' id='word_1_205' title='bbox 739 3172 887 3216; x_wconf 84' lang='lat' dir='ltr'>recte</span> <span class='ocrx_word' id='word_1_206' title='bbox 920 3164 1289 3216; x_wconf 78' lang='lat' dir='ltr'>animadvertit</span> 
     </span>
     <span class='ocr_line' id='line_1_39' title="bbox 214 3238 1288 3306; baseline 0 -16"><span class='ocrx_word' id='word_1_207' title='bbox 214 3241 513 3304; x_wconf 79' lang='lat' dir='ltr'>Rupertns,</span> <span class='ocrx_word' id='word_1_208' title='bbox 544 3239 629 3290; x_wconf 81' lang='lat' dir='ltr'>bic</span> <span class='ocrx_word' id='word_1_209' title='bbox 667 3238 735 3290; x_wconf 83' lang='lat' dir='ltr'>de</span> <span class='ocrx_word' id='word_1_210' title='bbox 771 3242 985 3306; x_wconf 79' lang='lat' dir='ltr'>tropaeis</span> <span class='ocrx_word' id='word_1_211' title='bbox 1020 3256 1083 3291; x_wconf 86' lang='lat' dir='ltr'>ac</span> <span class='ocrx_word' id='word_1_212' title='bbox 1112 3253 1288 3290; x_wconf 84' lang='lat' dir='ltr'>monu-</span> 
     </span>
     <span class='ocr_line' id='line_1_40' title="bbox 210 3315 1286 3382; baseline 0.002 -18"><span class='ocrx_word' id='word_1_213' title='bbox 210 3315 419 3365; x_wconf 79' lang='lat' dir='ltr'>mentis</span> <span class='ocrx_word' id='word_1_214' title='bbox 452 3316 505 3366; x_wconf 86' lang='lat' dir='ltr'>in</span> <span class='ocrx_word' id='word_1_215' title='bbox 530 3315 731 3366; x_wconf 82' lang='lat' dir='ltr'>hostico</span> <span class='ocrx_word' id='word_1_216' title='bbox 754 3317 1000 3366; x_wconf 80' lang='lat' dir='ltr'>excitatis</span> <span class='ocrx_word' id='word_1_217' title='bbox 1022 3317 1286 3382; x_wconf 83' lang='lat' dir='ltr'>loquitur:</span> 
     </span>
     <span class='ocr_line' id='line_1_41' title="bbox 214 3389 1292 3456; baseline 0.003 -16"><span class='ocrx_word' id='word_1_218' title='bbox 214 3391 319 3440; x_wconf 78' lang='lat' dir='ltr'>iila</span> <span class='ocrx_word' id='word_1_219' title='bbox 361 3389 637 3456; x_wconf 50' lang='lat' dir='ltr'>superiora.⁸</span> <span class='ocrx_word' id='word_1_220' title='bbox 678 3399 853 3444; x_wconf 82' lang='lat' dir='ltr'>autem</span> <span class='ocrx_word' id='word_1_221' title='bbox 898 3394 1078 3444; x_wconf 80' lang='lat' dir='ltr'>Romae</span> <span class='ocrx_word' id='word_1_222' title='bbox 1120 3393 1292 3456; x_wconf 85' lang='lat' dir='ltr'>posita</span> 
     </span>
     <span class='ocr_line' id='line_1_42' title="bbox 214 3466 1291 3533; baseline 0.002 -17"><span class='ocrx_word' id='word_1_223' title='bbox 214 3466 459 3518; x_wconf 75' lang='lat' dir='ltr'>fuerant.</span> <span class='ocrx_word' id='word_1_224' title='bbox 522 3468 639 3518; x_wconf 79' lang='lat' dir='ltr'>Nec</span> <span class='ocrx_word' id='word_1_225' title='bbox 662 3466 790 3518; x_wconf 83' lang='lat' dir='ltr'>satis</span> <span class='ocrx_word' id='word_1_226' title='bbox 812 3483 983 3520; x_wconf 71' lang='lat' dir='ltr'>csusae</span> <span class='ocrx_word' id='word_1_227' title='bbox 1008 3482 1121 3519; x_wconf 88' lang='lat' dir='ltr'>esse</span> <span class='ocrx_word' id='word_1_228' title='bbox 1140 3474 1291 3533; x_wconf 84' lang='lat' dir='ltr'>puto,</span> 
     </span>
     <span class='ocr_line' id='line_1_43' title="bbox 214 3539 1288 3608; baseline 0.002 -16"><span class='ocrx_word' id='word_1_229' title='bbox 214 3555 321 3592; x_wconf 84' lang='lat' dir='ltr'>cur</span> <span class='ocrx_word' id='word_1_230' title='bbox 343 3539 415 3590; x_wconf 88' lang='lat' dir='ltr'>ob</span> <span class='ocrx_word' id='word_1_231' title='bbox 436 3541 508 3604; x_wconf 87' lang='lat' dir='ltr'>id,</span> <span class='ocrx_word' id='word_1_232' title='bbox 532 3541 669 3608; x_wconf 88' lang='lat' dir='ltr'>quod</span> <span class='ocrx_word' id='word_1_233' title='bbox 696 3541 763 3592; x_wconf 87' lang='lat' dir='ltr'>de</span> <span class='ocrx_word' id='word_1_234' title='bbox 784 3542 1002 3594; x_wconf 87' lang='lat' dir='ltr'>Romulo</span> <span class='ocrx_word' id='word_1_235' title='bbox 1024 3541 1288 3608; x_wconf 86' lang='lat' dir='ltr'>proditum</span> 
     </span>
     <span class='ocr_line' id='line_1_44' title="bbox 212 3615 1289 3677; baseline 0.003 -11"><span class='ocrx_word' id='word_1_236' title='bbox 212 3623 321 3677; x_wconf 77' lang='lat' dir='ltr'>est,</span> <span class='ocrx_word' id='word_1_237' title='bbox 344 3615 441 3666; x_wconf 85' lang='lat' dir='ltr'>Vir</span> <span class='ocrx_word' id='word_1_238' title='bbox 456 3617 717 3666; x_wconf 85' lang='lat' dir='ltr'>eruditiss.</span> <span class='ocrx_word' id='word_1_239' title='bbox 754 3617 1074 3670; x_wconf 82' lang='lat' dir='ltr'>Benedictus</span> <span class='ocrx_word' id='word_1_240' title='bbox 1093 3617 1289 3670; x_wconf 72' lang='lat' dir='ltr'>Avern-</span> 
     </span>
     <span class='ocr_line' id='line_1_45' title="bbox 210 3691 1293 3752; baseline 0.002 -10"><span class='ocrx_word' id='word_1_241' title='bbox 210 3694 337 3744; x_wconf 85' lang='lat' dir='ltr'>nius</span> <span class='ocrx_word' id='word_1_242' title='bbox 360 3691 509 3742; x_wconf 80' lang='lat' dir='ltr'>Diss-</span> <span class='ocrx_word' id='word_1_243' title='bbox 533 3705 691 3744; x_wconf 77' lang='lat' dir='ltr'>mv·</span> <span class='ocrx_word' id='word_1_244' title='bbox 718 3691 775 3742; x_wconf 90' lang='lat' dir='ltr'>in</span> <span class='ocrx_word' id='word_1_245' title='bbox 809 3694 923 3746; x_wconf 82' lang='lat' dir='ltr'>Liv.</span> <span class='ocrx_word' id='word_1_246' title='bbox 946 3693 1159 3752; x_wconf 83' lang='lat' dir='ltr'>scribat,</span> <span class='ocrx_word' id='word_1_247' title='bbox 1198 3693 1293 3744; x_wconf 77' lang='lat' dir='ltr'>sal-</span> 
     </span>
     <span class='ocr_line' id='line_1_46' title="bbox 210 3768 1226 3835; baseline 0.004 -17"><span class='ocrx_word' id='word_1_248' title='bbox 210 3783 332 3820; x_wconf 87' lang='lat' dir='ltr'>sum</span> <span class='ocrx_word' id='word_1_249' title='bbox 355 3782 494 3832; x_wconf 86' lang='lat' dir='ltr'>esse,</span> <span class='ocrx_word' id='word_1_250' title='bbox 516 3769 657 3835; x_wconf 84' lang='lat' dir='ltr'>quod</span> <span class='ocrx_word' id='word_1_251' title='bbox 676 3769 762 3819; x_wconf 87' lang='lat' dir='ltr'>bic</span> <span class='ocrx_word' id='word_1_252' title='bbox 785 3768 1003 3820; x_wconf 77' lang='lat' dir='ltr'>tradidit</span> <span class='ocrx_word' id='word_1_253' title='bbox 1023 3769 1226 3822; x_wconf 86' lang='lat' dir='ltr'>Florus.</span> 
     </span>
    </p>

    <p class='ocr_par' dir='ltr' id='par_1_5' title="bbox 210 3845 1295 4214">
     <span class='ocr_line' id='line_1_47' title="bbox 286 3845 1292 3910; baseline -0.002 -12"><span class='ocrx_word' id='word_1_254' title='bbox 286 3849 431 3898; x_wconf 68' lang='lat' dir='ltr'>Cu».</span> <span class='ocrx_word' id='word_1_255' title='bbox 463 3850 496 3897; x_wconf 76' lang='grc'><strong>2</strong></span> <span class='ocrx_word' id='word_1_256' title='bbox 548 3845 633 3896; x_wconf 86' lang='lat' dir='ltr'>De</span> <span class='ocrx_word' id='word_1_257' title='bbox 670 3845 811 3896; x_wconf 88' lang='lat' dir='ltr'>bello</span> <span class='ocrx_word' id='word_1_258' title='bbox 848 3846 1111 3898; x_wconf 89' lang='lat' dir='ltr'>Cimbrico</span> <span class='ocrx_word' id='word_1_259' title='bbox 1149 3845 1292 3910; x_wconf 75' lang='lat' dir='ltr'>Epit-</span> 
     </span>
     <span class='ocr_line' id='line_1_48' title="bbox 212 3923 1293 3991; baseline -0.002 -15"><span class='ocrx_word' id='word_1_260' title='bbox 212 3923 335 3976; x_wconf 80' lang='lat' dir='ltr'>Liv.</span> <span class='ocrx_word' id='word_1_261' title='bbox 358 3929 444 3987; x_wconf 84' lang='grc'>67,</span> <span class='ocrx_word' id='word_1_262' title='bbox 467 3932 525 3975; x_wconf 91' lang='lat' dir='ltr'>et</span> <span class='ocrx_word' id='word_1_263' title='bbox 544 3929 630 3976; x_wconf 77' lang='grc'><strong>88.</strong></span> <span class='ocrx_word' id='word_1_264' title='bbox 690 3923 839 3976; x_wconf 86' lang='lat' dir='ltr'>Plut.</span> <span class='ocrx_word' id='word_1_265' title='bbox 863 3925 1053 3988; x_wconf 85' lang='lat' dir='ltr'>Mario,</span> <span class='ocrx_word' id='word_1_266' title='bbox 1073 3940 1193 3991; x_wconf 81' lang='lat' dir='ltr'>cap.</span> <span class='ocrx_word' id='word_1_267' title='bbox 1210 3928 1293 3986; x_wconf 72' lang='lat'>³6,</span> 
     </span>
     <span class='ocr_line' id='line_1_49' title="bbox 214 3999 1292 4068; baseline -0.004 -16"><span class='ocrx_word' id='word_1_268' title='bbox 214 4005 319 4052; x_wconf 73' lang='lat' dir='ltr'>&amp;c-</span> <span class='ocrx_word' id='word_1_269' title='bbox 340 4007 402 4050; x_wconf 90' lang='lat' dir='ltr'>et</span> <span class='ocrx_word' id='word_1_270' title='bbox 422 4001 625 4050; x_wconf 75' lang='lat' dir='ltr'>Persii.</span> <span class='ocrx_word' id='word_1_271' title='bbox 650 4014 771 4064; x_wconf 81' lang='lat' dir='ltr'>cap.</span> <span class='ocrx_word' id='word_1_272' title='bbox 792 4004 877 4054; x_wconf 95' lang='grc'>20.</span> <span class='ocrx_word' id='word_1_273' title='bbox 925 3999 1154 4068; x_wconf 84' lang='lat' dir='ltr'>Appisn.</span> <span class='ocrx_word' id='word_1_274' title='bbox 1176 3999 1292 4051; x_wconf 84' lang='lat' dir='ltr'>Cel-</span> 
     </span>
     <span class='ocr_line' id='line_1_50' title="bbox 210 4073 1293 4137; baseline -0.002 -13"><span class='ocrx_word' id='word_1_275' title='bbox 210 4075 343 4124; x_wconf 84' lang='lat' dir='ltr'>tico.</span> <span class='ocrx_word' id='word_1_276' title='bbox 415 4075 535 4124; x_wconf 74' lang='lat' dir='ltr'>Vel.</span> <span class='ocrx_word' id='word_1_277' title='bbox 574 4073 653 4124; x_wconf 79' lang='lat' dir='ltr'>M.</span> <span class='ocrx_word' id='word_1_278' title='bbox 690 4079 741 4137; x_wconf 82' lang='lat'>6,</span> <span class='ocrx_word' id='word_1_279' title='bbox 780 4078 833 4137; x_wconf 84' lang='lat'>8,</span> <span class='ocrx_word' id='word_1_280' title='bbox 866 4079 917 4126; x_wconf 89' lang='grc'><strong>4.</strong></span> <span class='ocrx_word' id='word_1_281' title='bbox 986 4073 1185 4128; x_wconf 72' lang='lat' dir='ltr'>Auctor</span> <span class='ocrx_word' id='word_1_282' title='bbox 1227 4074 1293 4123; x_wconf 89' lang='lat' dir='ltr'>de</span> 
     </span>
     <span class='ocr_line' id='line_1_51' title="bbox 210 4149 1295 4214; baseline -0.001 -13"><span class='ocrx_word' id='word_1_283' title='bbox 210 4151 329 4205; x_wconf 78' lang='lat' dir='ltr'>Vir.</span> <span class='ocrx_word' id='word_1_284' title='bbox 355 4151 443 4202; x_wconf 81' lang='grc' dir='ltr'><strong>ΙΙΙ.</strong></span> <span class='ocrx_word' id='word_1_285' title='bbox 466 4164 517 4202; x_wconf 83' lang='lat' dir='ltr'>e.</span> <span class='ocrx_word' id='word_1_286' title='bbox 535 4153 621 4203; x_wconf 81' lang='grc'><strong>67.</strong></span> <span class='ocrx_word' id='word_1_287' title='bbox 672 4149 807 4202; x_wconf 85' lang='lat' dir='ltr'>Plin.</span> <span class='ocrx_word' id='word_1_288' title='bbox 828 4154 880 4214; x_wconf 79' lang='grc'>7,</span> <span class='ocrx_word' id='word_1_289' title='bbox 904 4155 989 4201; x_wconf 88' lang='grc'>22.</span> <span class='ocrx_word' id='word_1_290' title='bbox 1010 4154 1090 4214; x_wconf 79' lang='grc'>10,</span> <span class='ocrx_word' id='word_1_291' title='bbox 1109 4153 1191 4200; x_wconf 74' lang='grc'><strong>32.</strong></span> <span class='ocrx_word' id='word_1_292' title='bbox 1213 4153 1295 4214; x_wconf 83' lang='grc'>17,</span> 
     </span>
    </p>
   </div>
   <div class='ocr_carea' id='block_1_3' title="bbox 1342 432 2410 1259">
    <p class='ocr_par' dir='ltr' id='par_1_6' title="bbox 1342 432 2410 1185">
     <span class='ocr_line' id='line_1_52' title="bbox 1344 432 2404 505; baseline 0.007 -22"><span class='ocrx_word' id='word_1_293' title='bbox 1344 437 1390 483; x_wconf 88' lang='grc' dir='ltr'><strong>ι.</strong></span> <span class='ocrx_word' id='word_1_294' title='bbox 1411 436 1496 495; x_wconf 80' lang='lat' dir='ltr'>ss,</span> <span class='ocrx_word' id='word_1_295' title='bbox 1519 437 1566 483; x_wconf 83' lang='lat'>1.</span> <span class='ocrx_word' id='word_1_296' title='bbox 1599 432 1836 485; x_wconf 68' lang='lat' dir='ltr'>Francia.</span> <span class='ocrx_word' id='word_1_297' title='bbox 1853 439 1968 501; x_wconf 87' lang='lat' dir='ltr'>1,s,</span> <span class='ocrx_word' id='word_1_298' title='bbox 1986 439 2038 485; x_wconf 80' lang='lat' dir='ltr'>e.</span> <span class='ocrx_word' id='word_1_299' title='bbox 2064 440 2116 501; x_wconf 84' lang='lat'>1,</span> <span class='ocrx_word' id='word_1_300' title='bbox 2137 440 2254 501; x_wconf 58' lang='grc' dir='ltr'>ιω,</span> <span class='ocrx_word' id='word_1_301' title='bbox 2275 443 2330 503; x_wconf 76' lang='lat' dir='ltr'>s,</span> <span class='ocrx_word' id='word_1_302' title='bbox 2350 444 2404 505; x_wconf 87' lang='lat' dir='ltr'>s,</span> 
     </span>
     <span class='ocr_line' id='line_1_53' title="bbox 1342 510 2404 575; baseline 0.007 -17"><span class='ocrx_word' id='word_1_303' title='bbox 1342 514 1393 559; x_wconf 84' lang='grc'><strong>8.</strong></span> <span class='ocrx_word' id='word_1_304' title='bbox 1461 510 1681 574; x_wconf 88' lang='lat' dir='ltr'>Eutrop.</span> <span class='ocrx_word' id='word_1_305' title='bbox 1700 516 1752 573; x_wconf 78' lang='lat'>5,</span> <span class='ocrx_word' id='word_1_306' title='bbox 1775 515 1820 562; x_wconf 91' lang='lat'>1.</span> <span class='ocrx_word' id='word_1_307' title='bbox 1845 510 2002 562; x_wconf 89' lang='lat' dir='ltr'>Oros.</span> <span class='ocrx_word' id='word_1_308' title='bbox 2021 516 2073 575; x_wconf 76' lang='lat'>5,</span> <span class='ocrx_word' id='word_1_309' title='bbox 2103 515 2184 563; x_wconf 80' lang='grc'><strong>16.</strong></span> <span class='ocrx_word' id='word_1_310' title='bbox 2213 512 2404 565; x_wconf 84' lang='lat' dir='ltr'>Euseb.</span> 
     </span>
     <span class='ocr_line' id='line_1_54' title="bbox 1343 583 2405 652; baseline 0.002 -15"><span class='ocrx_word' id='word_1_311' title='bbox 1343 583 1460 637; x_wconf 79' lang='lat' dir='ltr'>Lib.</span> <span class='ocrx_word' id='word_1_312' title='bbox 1481 586 1667 649; x_wconf 83' lang='lat' dir='ltr'>Temp.</span> <span class='ocrx_word' id='word_1_313' title='bbox 1703 586 1838 637; x_wconf 69' lang='lat' dir='ltr'>Cum.</span> <span class='ocrx_word' id='word_1_314' title='bbox 1905 586 2047 651; x_wconf 77' lang='lat' dir='ltr'>Lege</span> <span class='ocrx_word' id='word_1_315' title='bbox 2071 586 2207 637; x_wconf 85' lang='lat' dir='ltr'>Vell.</span> <span class='ocrx_word' id='word_1_316' title='bbox 2237 593 2290 652; x_wconf 89' lang='grc'>2,</span> <span class='ocrx_word' id='word_1_317' title='bbox 2323 592 2405 641; x_wconf 87' lang='grc'>12.</span> 
     </span>
     <span class='ocr_line' id='line_1_55' title="bbox 1345 660 2409 729; baseline 0.007 -16"><span class='ocrx_word' id='word_1_318' title='bbox 1345 664 1480 713; x_wconf 77' lang='lat' dir='ltr'>Caes.</span> <span class='ocrx_word' id='word_1_319' title='bbox 1501 660 1568 711; x_wconf 88' lang='lat' dir='ltr'>B.</span> <span class='ocrx_word' id='word_1_320' title='bbox 1587 662 1655 713; x_wconf 82' lang='lat' dir='ltr'>G.</span> <span class='ocrx_word' id='word_1_321' title='bbox 1679 666 1726 711; x_wconf 87' lang='lat'>1.</span> <span class='ocrx_word' id='word_1_322' title='bbox 1749 666 1834 725; x_wconf 72' lang='grc'>32,</span> <span class='ocrx_word' id='word_1_323' title='bbox 1857 670 1914 713; x_wconf 91' lang='lat' dir='ltr'>et</span> <span class='ocrx_word' id='word_1_324' title='bbox 1935 667 2015 715; x_wconf 83' lang='grc'><strong>40.</strong></span> <span class='ocrx_word' id='word_1_325' title='bbox 2038 668 2090 727; x_wconf 85' lang='grc'>7,</span> <span class='ocrx_word' id='word_1_326' title='bbox 2101 667 2184 715; x_wconf 80' lang='grc'><strong>77.</strong></span> <span class='ocrx_word' id='word_1_327' title='bbox 2217 666 2409 729; x_wconf 73' lang='lat' dir='ltr'>Veget.</span> 
     </span>
     <span class='ocr_line' id='line_1_56' title="bbox 1343 736 2410 804; baseline 0.005 -16"><span class='ocrx_word' id='word_1_328' title='bbox 1343 741 1396 801; x_wconf 75' lang='grc'>2,</span> <span class='ocrx_word' id='word_1_329' title='bbox 1418 742 1500 788; x_wconf 88' lang='grc'><strong>10.</strong></span> <span class='ocrx_word' id='word_1_330' title='bbox 1535 736 1627 795; x_wconf 84' lang='lat' dir='ltr'>fin.</span> <span class='ocrx_word' id='word_1_331' title='bbox 1662 738 1779 788; x_wconf 83' lang='lat' dir='ltr'>Vsl.</span> <span class='ocrx_word' id='word_1_332' title='bbox 1805 738 1880 789; x_wconf 80' lang='lat' dir='ltr'>M.</span> <span class='ocrx_word' id='word_1_333' title='bbox 1903 744 1953 802; x_wconf 84' lang='grc'>6,</span> <span class='ocrx_word' id='word_1_334' title='bbox 1973 744 2022 803; x_wconf 84' lang='grc'>9,</span> <span class='ocrx_word' id='word_1_335' title='bbox 2045 744 2126 791; x_wconf 87' lang='grc'><strong>14.</strong></span> <span class='ocrx_word' id='word_1_336' title='bbox 2150 746 2204 790; x_wconf 82' lang='lat' dir='ltr'>et</span> <span class='ocrx_word' id='word_1_337' title='bbox 2226 742 2410 804; x_wconf 64' lang='lat' dir='ltr'>preci·</span> 
     </span>
     <span class='ocr_line' id='line_1_57' title="bbox 1345 814 2408 883; baseline 0.004 -20"><span class='ocrx_word' id='word_1_338' title='bbox 1345 828 1449 879; x_wconf 86' lang='lat' dir='ltr'>pue</span> <span class='ocrx_word' id='word_1_339' title='bbox 1473 814 1784 879; x_wconf 85' lang='lat' dir='ltr'>Poutsnum,</span> <span class='ocrx_word' id='word_1_340' title='bbox 1814 814 1981 878; x_wconf 87' lang='lat' dir='ltr'>princ.</span> <span class='ocrx_word' id='word_1_341' title='bbox 2005 814 2147 868; x_wconf 85' lang='lat' dir='ltr'>Hist.</span> <span class='ocrx_word' id='word_1_342' title='bbox 2168 816 2408 883; x_wconf 61' lang='lat' dir='ltr'>Daniele,</span> 
     </span>
     <span class='ocr_line' id='line_1_58' title="bbox 1346 890 2410 955; baseline 0.006 -16"><span class='ocrx_word' id='word_1_343' title='bbox 1346 890 1433 955; x_wconf 86' lang='lat' dir='ltr'>qni</span> <span class='ocrx_word' id='word_1_344' title='bbox 1460 897 1622 940; x_wconf 80' lang='lat' dir='ltr'>totam</span> <span class='ocrx_word' id='word_1_345' title='bbox 1659 890 1792 941; x_wconf 77' lang='lat' dir='ltr'>hanc</span> <span class='ocrx_word' id='word_1_346' title='bbox 1813 890 2082 941; x_wconf 76' lang='lat' dir='ltr'>historiam</span> <span class='ocrx_word' id='word_1_347' title='bbox 2115 894 2410 945; x_wconf 80' lang='lat' dir='ltr'>securatius</span> 
     </span>
     <span class='ocr_line' id='line_1_59' title="bbox 1347 966 2408 1033; baseline 0.004 -18"><span class='ocrx_word' id='word_1_348' title='bbox 1347 972 1403 1015; x_wconf 88' lang='lat' dir='ltr'>et</span> <span class='ocrx_word' id='word_1_349' title='bbox 1424 966 1684 1030; x_wconf 84' lang='lat' dir='ltr'>copiosius</span> <span class='ocrx_word' id='word_1_350' title='bbox 1707 980 1772 1017; x_wconf 81' lang='lat' dir='ltr'>ex</span> <span class='ocrx_word' id='word_1_351' title='bbox 1796 966 2141 1031; x_wconf 82' lang='lat' dir='ltr'>scriptoribus</span> <span class='ocrx_word' id='word_1_352' title='bbox 2173 969 2408 1033; x_wconf 78' lang='lat' dir='ltr'>probatis</span> 
     </span>
     <span class='ocr_line' id='line_1_60' title="bbox 1346 1043 2409 1110; baseline 0.002 -17"><span class='ocrx_word' id='word_1_353' title='bbox 1346 1044 1622 1107; x_wconf 81' lang='lat' dir='ltr'>congessit.</span> <span class='ocrx_word' id='word_1_354' title='bbox 1704 1043 1786 1092; x_wconf 87' lang='lat' dir='ltr'>De</span> <span class='ocrx_word' id='word_1_355' title='bbox 1842 1044 2165 1095; x_wconf 88' lang='lat' dir='ltr'>Cimbrorum</span> <span class='ocrx_word' id='word_1_356' title='bbox 2209 1046 2409 1110; x_wconf 77' lang='lat' dir='ltr'>origine</span> 
     </span>
     <span class='ocr_line' id='line_1_61' title="bbox 1347 1118 2410 1185; baseline 0.004 -16"><span class='ocrx_word' id='word_1_357' title='bbox 1347 1118 1452 1169; x_wconf 82' lang='lat' dir='ltr'>vid.</span> <span class='ocrx_word' id='word_1_358' title='bbox 1475 1120 1710 1169; x_wconf 83' lang='lat' dir='ltr'>Dresser.</span> <span class='ocrx_word' id='word_1_359' title='bbox 1728 1120 1932 1171; x_wconf 81' lang='lat' dir='ltr'>Millen.</span> <span class='ocrx_word' id='word_1_360' title='bbox 1953 1124 1999 1170; x_wconf 91' lang='lat' dir='ltr'>l.</span> <span class='ocrx_word' id='word_1_361' title='bbox 2020 1136 2070 1185; x_wconf 90' lang='lat' dir='ltr'>p.</span> <span class='ocrx_word' id='word_1_362' title='bbox 2085 1126 2163 1171; x_wconf 79' lang='lat'>86.</span> <span class='ocrx_word' id='word_1_363' title='bbox 2188 1122 2410 1173; x_wconf 61' lang='lat' dir='ltr'>Freinsh-</span> 
     </span>
    </p>

    <p class='ocr_par' dir='ltr' id='par_1_7' title="bbox 1413 1194 2410 1259">
     <span class='ocr_line' id='line_1_62' title="bbox 1413 1194 2410 1259; baseline 0.004 -16"><span class='ocrx_word' id='word_1_364' title='bbox 1413 1195 1460 1259; x_wconf 85' lang='lat'>§.</span> <span class='ocrx_word' id='word_1_365' title='bbox 1497 1198 1522 1243; x_wconf 87' lang='lat'>1</span> <span class='ocrx_word' id='word_1_366' title='bbox 1565 1194 1820 1258; x_wconf 71' lang='lat' dir='ltr'>Theutm&#39;]</span> <span class='ocrx_word' id='word_1_367' title='bbox 1854 1194 2055 1246; x_wconf 78' lang='lat' dir='ltr'>Horum</span> <span class='ocrx_word' id='word_1_368' title='bbox 2089 1196 2410 1247; x_wconf 80' lang='lat' dir='ltr'>mentionem</span> 
     </span>
    </p>
   </div>
   <div class='ocr_carea' id='block_1_4' title="bbox 1341 1268 2409 1337">
    <p class='ocr_par' dir='ltr' id='par_1_8' title="bbox 1341 1268 2409 1337">
     <span class='ocr_line' id='line_1_63' title="bbox 1341 1268 2409 1337; baseline 0.005 -18"><span class='ocrx_word' id='word_1_369' title='bbox 1341 1268 1474 1337; x_wconf 20' lang='lat' dir='ltr'>‘facit</span> <span class='ocrx_word' id='word_1_370' title='bbox 1520 1270 1774 1334; x_wconf 81' lang='lat' dir='ltr'>Pytheas,</span> <span class='ocrx_word' id='word_1_371' title='bbox 1815 1286 1900 1336; x_wconf 83' lang='lat' dir='ltr'>ap.</span> <span class='ocrx_word' id='word_1_372' title='bbox 1941 1271 2077 1323; x_wconf 90' lang='lat' dir='ltr'>Plin.</span> <span class='ocrx_word' id='word_1_373' title='bbox 2119 1276 2204 1335; x_wconf 70' lang='lat'>⁸⁷,</span> <span class='ocrx_word' id='word_1_374' title='bbox 2235 1276 2288 1336; x_wconf 88' lang='grc'>2,</span> <span class='ocrx_word' id='word_1_375' title='bbox 2327 1276 2409 1324; x_wconf 90' lang='grc'>21.</span> 
     </span>
    </p>
   </div>
   <div class='ocr_carea' id='block_1_5' title="bbox 1346 1346 2414 2007">
    <p class='ocr_par' dir='ltr' id='par_1_9' title="bbox 1348 1346 2409 1411">
     <span class='ocr_line' id='line_1_64' title="bbox 1348 1346 2409 1411; baseline 0.003 -14"><span class='ocrx_word' id='word_1_376' title='bbox 1348 1346 1500 1397; x_wconf 77' lang='lat' dir='ltr'>Idem,</span> <span class='ocrx_word' id='word_1_377' title='bbox 1535 1346 1704 1410; x_wconf 81' lang='lat' dir='ltr'>Ryck.</span> <span class='ocrx_word' id='word_1_378' title='bbox 1723 1352 1780 1396; x_wconf 84' lang='lat' dir='ltr'>et</span> <span class='ocrx_word' id='word_1_379' title='bbox 1797 1346 1955 1397; x_wconf 81' lang='lat' dir='ltr'>Fran.</span> <span class='ocrx_word' id='word_1_380' title='bbox 1983 1348 2208 1399; x_wconf 69' lang='lat' dir='ltr'>Teatoni:</span> <span class='ocrx_word' id='word_1_381' title='bbox 2228 1364 2272 1399; x_wconf 78' lang='lat' dir='ltr'>v.</span> <span class='ocrx_word' id='word_1_382' title='bbox 2296 1351 2340 1411; x_wconf 53' lang='grc' dir='ltr'><strong>ἦ.</strong></span> <span class='ocrx_word' id='word_1_383' title='bbox 2359 1354 2409 1400; x_wconf 77' lang='grc'><strong>7.</strong></span> 
     </span>
    </p>

    <p class='ocr_par' dir='ltr' id='par_1_10' title="bbox 1346 1420 2414 2007">
     <span class='ocr_line' id='line_1_65' title="bbox 1390 1420 2413 1487; baseline 0.005 -16"><span class='ocrx_word' id='word_1_384' title='bbox 1390 1420 1614 1487; x_wconf 75' lang='lat' dir='ltr'>·Gu&#39;uioe]</span> <span class='ocrx_word' id='word_1_385' title='bbox 1668 1422 1940 1472; x_wconf 72' lang='lat' dir='ltr'>Germia</span> <span class='ocrx_word' id='word_1_386' title='bbox 1997 1422 2200 1487; x_wconf 75' lang='lat' dir='ltr'>legend.</span> <span class='ocrx_word' id='word_1_387' title='bbox 2255 1422 2413 1476; x_wconf 82' lang='lat' dir='ltr'>docet</span> 
     </span>
     <span class='ocr_line' id='line_1_66' title="bbox 1350 1498 2412 1565; baseline 0.002 -16"><span class='ocrx_word' id='word_1_388' title='bbox 1350 1498 1558 1549; x_wconf 82' lang='lat' dir='ltr'>Cluver.</span> <span class='ocrx_word' id='word_1_389' title='bbox 1594 1498 1775 1549; x_wconf 86' lang='lat' dir='ltr'>Germ.</span> <span class='ocrx_word' id='word_1_390' title='bbox 1822 1498 2002 1564; x_wconf 83' lang='lat' dir='ltr'>Antiq.</span> <span class='ocrx_word' id='word_1_391' title='bbox 2029 1504 2079 1563; x_wconf 91' lang='lat'>1,</span> <span class='ocrx_word' id='word_1_392' title='bbox 2099 1504 2181 1550; x_wconf 87' lang='grc'><strong>10.</strong></span> <span class='ocrx_word' id='word_1_393' title='bbox 2202 1504 2253 1565; x_wconf 86' lang='grc'>2,</span> <span class='ocrx_word' id='word_1_394' title='bbox 2270 1505 2320 1550; x_wconf 94' lang='grc'><strong>4.</strong></span> <span class='ocrx_word' id='word_1_395' title='bbox 2353 1507 2412 1551; x_wconf 85' lang='lat' dir='ltr'>et</span> 
     </span>
     <span class='ocr_line' id='line_1_67' title="bbox 1349 1574 2409 1639; baseline 0.003 -15"><span class='ocrx_word' id='word_1_396' title='bbox 1349 1576 1401 1637; x_wconf 74' lang='lat'>8,</span> <span class='ocrx_word' id='word_1_397' title='bbox 1438 1578 1524 1625; x_wconf 87' lang='grc'>22.</span> <span class='ocrx_word' id='word_1_398' title='bbox 1569 1574 1656 1639; x_wconf 90' lang='lat' dir='ltr'>qui</span> <span class='ocrx_word' id='word_1_399' title='bbox 1691 1575 1788 1625; x_wconf 79' lang='lat' dir='ltr'>buc</span> <span class='ocrx_word' id='word_1_400' title='bbox 1832 1574 1899 1625; x_wconf 86' lang='lat' dir='ltr'>de</span> <span class='ocrx_word' id='word_1_401' title='bbox 1938 1589 1998 1624; x_wconf 89' lang='lat' dir='ltr'>re</span> <span class='ocrx_word' id='word_1_402' title='bbox 2037 1576 2409 1639; x_wconf 81' lang='lat' dir='ltr'>copiosissime.</span> 
     </span>
     <span class='ocr_line' id='line_1_68' title="bbox 1346 1648 2414 1715; baseline 0.004 -16"><span class='ocrx_word' id='word_1_403' title='bbox 1346 1648 1530 1715; x_wconf 34' lang='lat' dir='ltr'>,Gallia</span> <span class='ocrx_word' id='word_1_404' title='bbox 1553 1650 1749 1700; x_wconf 85' lang='lat' dir='ltr'>retinet</span> <span class='ocrx_word' id='word_1_405' title='bbox 1771 1656 1828 1701; x_wconf 84' lang='lat' dir='ltr'>et</span> <span class='ocrx_word' id='word_1_406' title='bbox 1848 1649 2083 1715; x_wconf 84' lang='lat' dir='ltr'>explicat</span> <span class='ocrx_word' id='word_1_407' title='bbox 2121 1652 2184 1701; x_wconf 85' lang='grc' dir='ltr'><strong>Β.</strong></span> <span class='ocrx_word' id='word_1_408' title='bbox 2215 1652 2414 1703; x_wconf 77' lang='lat' dir='ltr'>Rhena-</span> 
     </span>
     <span class='ocr_line' id='line_1_69' title="bbox 1349 1722 2410 1789; baseline 0.008 -16"><span class='ocrx_word' id='word_1_409' title='bbox 1349 1739 1468 1787; x_wconf 86' lang='lat' dir='ltr'>nus,</span> <span class='ocrx_word' id='word_1_410' title='bbox 1483 1722 1608 1775; x_wconf 86' lang='lat' dir='ltr'>Rer.</span> <span class='ocrx_word' id='word_1_411' title='bbox 1632 1725 1815 1775; x_wconf 85' lang='lat' dir='ltr'>Germ.</span> <span class='ocrx_word' id='word_1_412' title='bbox 1835 1724 1928 1775; x_wconf 87' lang='lat' dir='ltr'>lib.</span> <span class='ocrx_word' id='word_1_413' title='bbox 1953 1730 2002 1775; x_wconf 89' lang='lat'>1.</span> <span class='ocrx_word' id='word_1_414' title='bbox 2021 1740 2075 1789; x_wconf 88' lang='lat' dir='ltr'>p.</span> <span class='ocrx_word' id='word_1_415' title='bbox 2098 1730 2179 1777; x_wconf 81' lang='lat'>19.</span> <span class='ocrx_word' id='word_1_416' title='bbox 2203 1724 2242 1778; x_wconf 81' lang='lat' dir='ltr'>f.</span> <span class='ocrx_word' id='word_1_417' title='bbox 2259 1728 2410 1781; x_wconf 72' lang='lat' dir='ltr'>Idem·</span> 
     </span>
     <span class='ocr_line' id='line_1_70' title="bbox 1348 1800 2412 1867; baseline 0.004 -16"><span class='ocrx_word' id='word_1_418' title='bbox 1348 1800 1429 1851; x_wconf 71' lang='lat' dir='ltr'>Ab</span> <span class='ocrx_word' id='word_1_419' title='bbox 1472 1800 1700 1851; x_wconf 66' lang='lat' dir='ltr'>exermis</span> <span class='ocrx_word' id='word_1_420' title='bbox 1747 1802 1923 1853; x_wconf 70' lang='lat' dir='ltr'>Gauio</span> <span class='ocrx_word' id='word_1_421' title='bbox 1959 1802 2184 1867; x_wconf 71' lang='lat' dir='ltr'>profugi]</span> <span class='ocrx_word' id='word_1_422' title='bbox 2217 1804 2412 1855; x_wconf 83' lang='lat' dir='ltr'>Verum</span> 
     </span>
     <span class='ocr_line' id='line_1_71' title="bbox 1352 1876 2414 1943; baseline 0.004 -16"><span class='ocrx_word' id='word_1_423' title='bbox 1352 1884 1434 1927; x_wconf 91' lang='lat' dir='ltr'>est</span> <span class='ocrx_word' id='word_1_424' title='bbox 1458 1878 1524 1926; x_wconf 87' lang='lat' dir='ltr'>dc</span> <span class='ocrx_word' id='word_1_425' title='bbox 1544 1876 1823 1941; x_wconf 85' lang='lat' dir='ltr'>Tigurinis,</span> <span class='ocrx_word' id='word_1_426' title='bbox 1852 1892 1954 1928; x_wconf 88' lang='lat' dir='ltr'>non</span> <span class='ocrx_word' id='word_1_427' title='bbox 1978 1877 2044 1929; x_wconf 90' lang='lat' dir='ltr'>de</span> <span class='ocrx_word' id='word_1_428' title='bbox 2081 1878 2324 1943; x_wconf 87' lang='lat' dir='ltr'>Cimbris,</span> <span class='ocrx_word' id='word_1_429' title='bbox 2357 1888 2414 1931; x_wconf 84' lang='lat' dir='ltr'>et</span> 
     </span>
     <span class='ocr_line' id='line_1_72' title="bbox 1350 1954 2414 2007; baseline 0.004 -5"><span class='ocrx_word' id='word_1_430' title='bbox 1350 1954 1622 2003; x_wconf 83' lang='lat' dir='ltr'>Teutonis.</span> <span class='ocrx_word' id='word_1_431' title='bbox 1689 1954 1794 2004; x_wconf 87' lang='lat' dir='ltr'>Sed</span> <span class='ocrx_word' id='word_1_432' title='bbox 1825 1954 2006 2005; x_wconf 85' lang='lat' dir='ltr'>Florus</span> <span class='ocrx_word' id='word_1_433' title='bbox 2027 1954 2233 2007; x_wconf 80' lang='lat' dir='ltr'>videtur</span> <span class='ocrx_word' id='word_1_434' title='bbox 2251 1955 2414 2006; x_wconf 85' lang='lat' dir='ltr'>etism</span> 
     </span>
    </p>
   </div>
   <div class='ocr_carea' id='block_1_6' title="bbox 1316 2028 2414 2097">
    <p class='ocr_par' dir='ltr' id='par_1_11' title="bbox 1316 2028 2414 2097">
     <span class='ocr_line' id='line_1_73' title="bbox 1316 2028 2414 2097; baseline 0.005 -20"><span class='ocrx_word' id='word_1_435' title='bbox 1316 2063 1325 2076; x_wconf 88' lang='lat'>.</span> <span class='ocrx_word' id='word_1_436' title='bbox 1352 2028 1690 2081; x_wconf 71' lang='lat' dir='ltr'>Germaniam</span> <span class='ocrx_word' id='word_1_437' title='bbox 1701 2029 1897 2080; x_wconf 81' lang='lat' dir='ltr'>dixisse</span> <span class='ocrx_word' id='word_1_438' title='bbox 1909 2028 2152 2095; x_wconf 78' lang='lat' dir='ltr'>Galliam,</span> <span class='ocrx_word' id='word_1_439' title='bbox 2165 2031 2302 2097; x_wconf 88' lang='lat' dir='ltr'>quod</span> <span class='ocrx_word' id='word_1_440' title='bbox 2324 2046 2414 2082; x_wconf 81' lang='lat' dir='ltr'>au-</span> 
     </span>
    </p>
   </div>
   <div class='ocr_carea' id='block_1_7' title="bbox 1351 2104 2450 4216">
    <p class='ocr_par' dir='ltr' id='par_1_12' title="bbox 1351 2104 2450 4216">
     <span class='ocr_line' id='line_1_74' title="bbox 1354 2104 2416 2170; baseline 0.003 -15"><span class='ocrx_word' id='word_1_441' title='bbox 1354 2104 1629 2170; x_wconf 87' lang='lat' dir='ltr'>tiquissimi</span> <span class='ocrx_word' id='word_1_442' title='bbox 1643 2105 1830 2155; x_wconf 73' lang='lat' dir='ltr'>Gallim</span> <span class='ocrx_word' id='word_1_443' title='bbox 1851 2106 2035 2157; x_wconf 78' lang='lat' dir='ltr'>iucoloe</span> <span class='ocrx_word' id='word_1_444' title='bbox 2053 2106 2264 2157; x_wconf 78' lang='lat' dir='ltr'>suerunt</span> <span class='ocrx_word' id='word_1_445' title='bbox 2284 2109 2416 2158; x_wconf 87' lang='lat' dir='ltr'>Ger-</span> 
     </span>
     <span class='ocr_line' id='line_1_75' title="bbox 1352 2181 2416 2242; baseline 0.001 -10"><span class='ocrx_word' id='word_1_446' title='bbox 1352 2182 1522 2242; x_wconf 83' lang='lat' dir='ltr'>maui;</span> <span class='ocrx_word' id='word_1_447' title='bbox 1555 2181 1708 2231; x_wconf 86' lang='lat' dir='ltr'>sicuti</span> <span class='ocrx_word' id='word_1_448' title='bbox 1742 2181 1920 2233; x_wconf 75' lang='lat' dir='ltr'>Graeci</span> <span class='ocrx_word' id='word_1_449' title='bbox 1951 2182 2126 2233; x_wconf 83' lang='lat' dir='ltr'>Celtas</span> <span class='ocrx_word' id='word_1_450' title='bbox 2165 2182 2416 2233; x_wconf 82' lang='lat' dir='ltr'>dixerunt</span> 
     </span>
     <span class='ocr_line' id='line_1_76' title="bbox 1353 2258 2412 2325; baseline 0.002 -17"><span class='ocrx_word' id='word_1_451' title='bbox 1353 2258 1645 2308; x_wconf 81' lang='lat' dir='ltr'>Germanos</span> <span class='ocrx_word' id='word_1_452' title='bbox 1689 2262 1745 2307; x_wconf 87' lang='lat' dir='ltr'>et</span> <span class='ocrx_word' id='word_1_453' title='bbox 1786 2258 1987 2321; x_wconf 65' lang='lat' dir='ltr'>Gallos,</span> <span class='ocrx_word' id='word_1_454' title='bbox 2036 2273 2154 2309; x_wconf 88' lang='lat' dir='ltr'>cum</span> <span class='ocrx_word' id='word_1_455' title='bbox 2199 2260 2412 2325; x_wconf 83' lang='lat' dir='ltr'>proprie</span> 
     </span>
     <span class='ocr_line' id='line_1_77' title="bbox 1352 2332 2418 2399; baseline 0.001 -14"><span class='ocrx_word' id='word_1_456' title='bbox 1352 2333 1578 2399; x_wconf 78' lang='lat' dir='ltr'>Hispani</span> <span class='ocrx_word' id='word_1_457' title='bbox 1613 2332 1718 2384; x_wconf 86' lang='lat' dir='ltr'>siut</span> <span class='ocrx_word' id='word_1_458' title='bbox 1749 2332 1934 2386; x_wconf 80' lang='lat' dir='ltr'>Celtae.</span> <span class='ocrx_word' id='word_1_459' title='bbox 1971 2334 2131 2388; x_wconf 66' lang='grc' dir='ltr'><strong>(ἔτ-συ.</strong></span> <span class='ocrx_word' id='word_1_460' title='bbox 2198 2334 2318 2386; x_wconf 85' lang='lat' dir='ltr'>Non</span> <span class='ocrx_word' id='word_1_461' title='bbox 2341 2334 2418 2386; x_wconf 78' lang='lat' dir='ltr'>vi-</span> 
     </span>
     <span class='ocr_line' id='line_1_78' title="bbox 1354 2407 2412 2478; baseline 0.005 -20"><span class='ocrx_word' id='word_1_462' title='bbox 1354 2407 1475 2472; x_wconf 83' lang='lat' dir='ltr'>deo,</span> <span class='ocrx_word' id='word_1_463' title='bbox 1513 2409 1766 2474; x_wconf 87' lang='lat' dir='ltr'>quomodo</span> <span class='ocrx_word' id='word_1_464' title='bbox 1809 2409 1920 2460; x_wconf 78' lang='lat' dir='ltr'>baec</span> <span class='ocrx_word' id='word_1_465' title='bbox 1963 2410 2098 2462; x_wconf 78' lang='lat' dir='ltr'>ratio</span> <span class='ocrx_word' id='word_1_466' title='bbox 2143 2412 2412 2478; x_wconf 83' lang='lat' dir='ltr'>procedat.</span> 
     </span>
     <span class='ocr_line' id='line_1_79' title="bbox 1354 2485 2412 2551; baseline 0.006 -16"><span class='ocrx_word' id='word_1_467' title='bbox 1354 2485 1409 2535; x_wconf 79' lang='lat' dir='ltr'>si</span> <span class='ocrx_word' id='word_1_468' title='bbox 1473 2485 1815 2551; x_wconf 82' lang='lat' dir='ltr'>antiquissimi</span> <span class='ocrx_word' id='word_1_469' title='bbox 1870 2487 2168 2538; x_wconf 74' lang='lat' dir='ltr'>Germanias</span> <span class='ocrx_word' id='word_1_470' title='bbox 2229 2489 2412 2542; x_wconf 72' lang='lat' dir='ltr'>incolae</span> 
     </span>
     <span class='ocr_line' id='line_1_80' title="bbox 1351 2559 2412 2626; baseline 0.004 -17"><span class='ocrx_word' id='word_1_471' title='bbox 1351 2559 1577 2611; x_wconf 75' lang='lat' dir='ltr'>fuissent</span> <span class='ocrx_word' id='word_1_472' title='bbox 1613 2561 1776 2623; x_wconf 78' lang='lat' dir='ltr'>Galli,</span> <span class='ocrx_word' id='word_1_473' title='bbox 1825 2561 2174 2626; x_wconf 78' lang='lat' dir='ltr'>adpellatione</span> <span class='ocrx_word' id='word_1_474' title='bbox 2224 2563 2412 2616; x_wconf 70' lang='lat' dir='ltr'>Galliae</span> 
     </span>
     <span class='ocr_line' id='line_1_81' title="bbox 1353 2634 2414 2702; baseline 0.002 -16"><span class='ocrx_word' id='word_1_475' title='bbox 1353 2637 1512 2686; x_wconf 73' lang='lat' dir='ltr'>etiem</span> <span class='ocrx_word' id='word_1_476' title='bbox 1528 2635 1812 2686; x_wconf 77' lang='lat' dir='ltr'>Germanis</span> <span class='ocrx_word' id='word_1_477' title='bbox 1831 2634 2198 2699; x_wconf 78' lang='lat' dir='ltr'>comprehendi</span> <span class='ocrx_word' id='word_1_478' title='bbox 2218 2644 2414 2702; x_wconf 85' lang='lat' dir='ltr'>posset.</span> 
     </span>
     <span class='ocr_line' id='line_1_82' title="bbox 1351 2710 2415 2775; baseline 0.002 -15"><span class='ocrx_word' id='word_1_479' title='bbox 1351 2711 1548 2760; x_wconf 82' lang='lat' dir='ltr'>Verum</span> <span class='ocrx_word' id='word_1_480' title='bbox 1574 2724 1730 2775; x_wconf 89' lang='lat' dir='ltr'>quum</span> <span class='ocrx_word' id='word_1_481' title='bbox 1753 2710 2042 2762; x_wconf 74' lang='lat' dir='ltr'>Germanos</span> <span class='ocrx_word' id='word_1_482' title='bbox 2074 2711 2254 2774; x_wconf 84' lang='lat' dir='ltr'>priscis</span> <span class='ocrx_word' id='word_1_483' title='bbox 2287 2719 2415 2762; x_wconf 83' lang='lat' dir='ltr'>tem·</span> 
     </span>
     <span class='ocr_line' id='line_1_83' title="bbox 1354 2783 2416 2850; baseline 0.004 -16"><span class='ocrx_word' id='word_1_484' title='bbox 1354 2784 1571 2850; x_wconf 83' lang='lat' dir='ltr'>poribus</span> <span class='ocrx_word' id='word_1_485' title='bbox 1591 2785 1816 2835; x_wconf 74' lang='lat' dir='ltr'>Galliam</span> <span class='ocrx_word' id='word_1_486' title='bbox 1831 2783 2092 2836; x_wconf 79' lang='lat' dir='ltr'>habitasse</span> <span class='ocrx_word' id='word_1_487' title='bbox 2109 2786 2252 2836; x_wconf 78' lang='lat' dir='ltr'>dicat</span> <span class='ocrx_word' id='word_1_488' title='bbox 2269 2787 2416 2838; x_wconf 66' lang='lat' dir='ltr'>Gre-</span> 
     </span>
     <span class='ocr_line' id='line_1_84' title="bbox 1357 2859 2418 2926; baseline 0.002 -16"><span class='ocrx_word' id='word_1_489' title='bbox 1357 2861 1487 2924; x_wconf 86' lang='lat' dir='ltr'>vius,</span> <span class='ocrx_word' id='word_1_490' title='bbox 1521 2859 1700 2924; x_wconf 88' lang='lat' dir='ltr'>utique</span> <span class='ocrx_word' id='word_1_491' title='bbox 1732 2859 2124 2912; x_wconf 81' lang='lat' dir='ltr'>convenientius</span> <span class='ocrx_word' id='word_1_492' title='bbox 2157 2868 2294 2926; x_wconf 78' lang='lat' dir='ltr'>erat,</span> <span class='ocrx_word' id='word_1_493' title='bbox 2327 2877 2418 2912; x_wconf 86' lang='lat' dir='ltr'>no·</span> 
     </span>
     <span class='ocr_line' id='line_1_85' title="bbox 1355 2935 2416 2988; baseline 0.003 -3"><span class='ocrx_word' id='word_1_494' title='bbox 1355 2935 1494 2986; x_wconf 87' lang='lat' dir='ltr'>mine</span> <span class='ocrx_word' id='word_1_495' title='bbox 1529 2935 1824 2986; x_wconf 65' lang='lat' dir='ltr'>Germania</span> <span class='ocrx_word' id='word_1_496' title='bbox 1858 2935 2016 2986; x_wconf 82' lang='lat' dir='ltr'>etiam</span> <span class='ocrx_word' id='word_1_497' title='bbox 2046 2935 2270 2988; x_wconf 72' lang='lat' dir='ltr'>Galliam</span> <span class='ocrx_word' id='word_1_498' title='bbox 2293 2952 2416 2988; x_wconf 89' lang='lat' dir='ltr'>con·</span> 
     </span>
     <span class='ocr_line' id='line_1_86' title="bbox 1358 3011 2418 3066; baseline 0.004 -5"><span class='ocrx_word' id='word_1_499' title='bbox 1358 3011 1536 3062; x_wconf 81' lang='lat' dir='ltr'>tineri.</span> <span class='ocrx_word' id='word_1_500' title='bbox 1603 3011 1840 3064; x_wconf 86' lang='lat' dir='ltr'>Cimbros</span> <span class='ocrx_word' id='word_1_501' title='bbox 1872 3019 1930 3063; x_wconf 90' lang='lat' dir='ltr'>et</span> <span class='ocrx_word' id='word_1_502' title='bbox 1957 3011 2218 3065; x_wconf 84' lang='lat' dir='ltr'>Teutonos</span> <span class='ocrx_word' id='word_1_503' title='bbox 2249 3029 2352 3065; x_wconf 86' lang='lat' dir='ltr'>nou</span> <span class='ocrx_word' id='word_1_504' title='bbox 2387 3030 2418 3066; x_wconf 87' lang='lat' dir='ltr'>e</span> 
     </span>
     <span class='ocr_line' id='line_1_87' title="bbox 1359 3087 2416 3152; baseline 0.004 -12"><span class='ocrx_word' id='word_1_505' title='bbox 1359 3089 1554 3152; x_wconf 80' lang='lat' dir='ltr'>Gallia,</span> <span class='ocrx_word' id='word_1_506' title='bbox 1586 3087 1680 3138; x_wconf 90' lang='lat' dir='ltr'>sed</span> <span class='ocrx_word' id='word_1_507' title='bbox 1720 3091 1788 3139; x_wconf 78' lang='lat' dir='ltr'>ab</span> <span class='ocrx_word' id='word_1_508' title='bbox 1830 3091 2075 3142; x_wconf 81' lang='lat' dir='ltr'>extremis</span> <span class='ocrx_word' id='word_1_509' title='bbox 2120 3091 2416 3144; x_wconf 63' lang='lat' dir='ltr'>Germania</span> 
     </span>
     <span class='ocr_line' id='line_1_88' title="bbox 1358 3166 2419 3219; baseline 0.003 -3"><span class='ocrx_word' id='word_1_510' title='bbox 1358 3167 1465 3216; x_wconf 90' lang='lat' dir='ltr'>oris</span> <span class='ocrx_word' id='word_1_511' title='bbox 1486 3166 1690 3216; x_wconf 77' lang='lat' dir='ltr'>venisse</span> <span class='ocrx_word' id='word_1_512' title='bbox 1713 3171 1913 3217; x_wconf 86' lang='lat' dir='ltr'>certum</span> <span class='ocrx_word' id='word_1_513' title='bbox 1936 3175 2035 3217; x_wconf 85' lang='lat' dir='ltr'>est.</span> <span class='ocrx_word' id='word_1_514' title='bbox 2103 3168 2220 3219; x_wconf 87' lang='lat' dir='ltr'>Nec</span> <span class='ocrx_word' id='word_1_515' title='bbox 2243 3175 2419 3219; x_wconf 78' lang='lat' dir='ltr'>tamen</span> 
     </span>
     <span class='ocr_line' id='line_1_89' title="bbox 1357 3241 2420 3296; baseline 0.005 -5"><span class='ocrx_word' id='word_1_516' title='bbox 1357 3241 1478 3292; x_wconf 90' lang='lat' dir='ltr'>ideo</span> <span class='ocrx_word' id='word_1_517' title='bbox 1517 3241 1828 3294; x_wconf 79' lang='lat' dir='ltr'>audiendum</span> <span class='ocrx_word' id='word_1_518' title='bbox 1858 3257 1973 3294; x_wconf 85' lang='lat' dir='ltr'>esse</span> <span class='ocrx_word' id='word_1_519' title='bbox 2003 3243 2298 3296; x_wconf 84' lang='lat' dir='ltr'>Cluverium</span> <span class='ocrx_word' id='word_1_520' title='bbox 2332 3245 2420 3296; x_wconf 87' lang='lat' dir='ltr'>bic</span> 
     </span>
     <span class='ocr_line' id='line_1_90' title="bbox 1358 3317 2422 3384; baseline 0.003 -17"><span class='ocrx_word' id='word_1_521' title='bbox 1358 3317 1721 3368; x_wconf 80' lang='lat' dir='ltr'>emendantem</span> <span class='ocrx_word' id='word_1_522' title='bbox 1739 3319 2032 3384; x_wconf 71' lang='lat' dir='ltr'>Germania,</span> <span class='ocrx_word' id='word_1_523' title='bbox 2045 3319 2280 3372; x_wconf 86' lang='lat' dir='ltr'>ostendit</span> <span class='ocrx_word' id='word_1_524' title='bbox 2291 3319 2422 3370; x_wconf 85' lang='lat' dir='ltr'>Vos·</span> 
     </span>
     <span class='ocr_line' id='line_1_91' title="bbox 1362 3392 2420 3458; baseline 0.002 -14"><span class='ocrx_word' id='word_1_525' title='bbox 1362 3392 1467 3444; x_wconf 87' lang='lat' dir='ltr'>sius</span> <span class='ocrx_word' id='word_1_526' title='bbox 1491 3393 1554 3444; x_wconf 86' lang='lat' dir='ltr'>ad</span> <span class='ocrx_word' id='word_1_527' title='bbox 1576 3393 1764 3444; x_wconf 87' lang='lat' dir='ltr'>Vellei.</span> <span class='ocrx_word' id='word_1_528' title='bbox 1786 3407 1850 3446; x_wconf 83' lang='lat'>11.</span> <span class='ocrx_word' id='word_1_529' title='bbox 1878 3399 1955 3445; x_wconf 85' lang='grc'><strong>19.</strong></span> <span class='ocrx_word' id='word_1_530' title='bbox 2022 3395 2160 3446; x_wconf 78' lang='lat' dir='ltr'>Nam</span> <span class='ocrx_word' id='word_1_531' title='bbox 2188 3403 2420 3458; x_wconf 75' lang='lat' dir='ltr'>veteres,</span> 
     </span>
     <span class='ocr_line' id='line_1_92' title="bbox 1362 3467 2418 3535; baseline 0.005 -19"><span class='ocrx_word' id='word_1_532' title='bbox 1362 3467 1548 3532; x_wconf 89' lang='lat' dir='ltr'>quibus</span> <span class='ocrx_word' id='word_1_533' title='bbox 1584 3469 1819 3532; x_wconf 79' lang='lat' dir='ltr'>regiones</span> <span class='ocrx_word' id='word_1_534' title='bbox 1857 3469 2138 3535; x_wconf 85' lang='lat' dir='ltr'>populique</span> <span class='ocrx_word' id='word_1_535' title='bbox 2177 3469 2246 3520; x_wconf 83' lang='lat' dir='ltr'>ad</span> <span class='ocrx_word' id='word_1_536' title='bbox 2287 3471 2418 3533; x_wconf 86' lang='lat' dir='ltr'>Sep-</span> 
     </span>
     <span class='ocr_line' id='line_1_93' title="bbox 1362 3542 2422 3610; baseline 0.002 -18"><span class='ocrx_word' id='word_1_537' title='bbox 1362 3542 1694 3594; x_wconf 85' lang='lat' dir='ltr'>temtriouem</span> <span class='ocrx_word' id='word_1_538' title='bbox 1728 3557 1828 3594; x_wconf 86' lang='lat' dir='ltr'>uon</span> <span class='ocrx_word' id='word_1_539' title='bbox 1863 3544 1986 3594; x_wconf 67' lang='lat' dir='ltr'>sutis</span> <span class='ocrx_word' id='word_1_540' title='bbox 2023 3545 2219 3608; x_wconf 72' lang='lat' dir='ltr'>cogniti</span> <span class='ocrx_word' id='word_1_541' title='bbox 2250 3551 2422 3610; x_wconf 75' lang='lat' dir='ltr'>erent,</span> 
     </span>
     <span class='ocr_line' id='line_1_94' title="bbox 1362 3617 2421 3682; baseline 0 -14"><span class='ocrx_word' id='word_1_542' title='bbox 1362 3632 1506 3682; x_wconf 83' lang='lat' dir='ltr'>saepe</span> <span class='ocrx_word' id='word_1_543' title='bbox 1547 3617 1754 3668; x_wconf 82' lang='lat' dir='ltr'>nomina</span> <span class='ocrx_word' id='word_1_544' title='bbox 1795 3625 1853 3668; x_wconf 89' lang='lat' dir='ltr'>et</span> <span class='ocrx_word' id='word_1_545' title='bbox 1890 3617 2019 3669; x_wconf 83' lang='lat' dir='ltr'>fines</span> <span class='ocrx_word' id='word_1_546' title='bbox 2057 3619 2326 3670; x_wconf 79' lang='lat' dir='ltr'>Gallorum</span> <span class='ocrx_word' id='word_1_547' title='bbox 2363 3627 2421 3669; x_wconf 81' lang='lat' dir='ltr'>et</span> 
     </span>
     <span class='ocr_line' id='line_1_95' title="bbox 1364 3689 2421 3761; baseline 0.003 -18"><span class='ocrx_word' id='word_1_548' title='bbox 1364 3693 1743 3743; x_wconf 78' lang='lat' dir='ltr'>Germanorum</span> <span class='ocrx_word' id='word_1_549' title='bbox 1791 3689 2136 3756; x_wconf 77' lang='lat' dir='ltr'>confundunt,</span> <span class='ocrx_word' id='word_1_550' title='bbox 2183 3701 2242 3744; x_wconf 90' lang='lat' dir='ltr'>et</span> <span class='ocrx_word' id='word_1_551' title='bbox 2293 3694 2421 3761; x_wconf 85' lang='lat' dir='ltr'>Sep-</span> 
     </span>
     <span class='ocr_line' id='line_1_96' title="bbox 1365 3767 2422 3829; baseline 0.004 -11"><span class='ocrx_word' id='word_1_552' title='bbox 1365 3767 1738 3829; x_wconf 88' lang='lat' dir='ltr'>temtriouales‚</span> <span class='ocrx_word' id='word_1_553' title='bbox 1767 3767 1924 3818; x_wconf 85' lang='lat' dir='ltr'>etiam</span> <span class='ocrx_word' id='word_1_554' title='bbox 1943 3767 2177 3822; x_wconf 87' lang='lat' dir='ltr'>Cimbros</span> <span class='ocrx_word' id='word_1_555' title='bbox 2201 3785 2262 3822; x_wconf 81' lang='lat' dir='ltr'>sc</span> <span class='ocrx_word' id='word_1_556' title='bbox 2287 3771 2422 3822; x_wconf 78' lang='lat' dir='ltr'>Teu·</span> 
     </span>
     <span class='ocr_line' id='line_1_97' title="bbox 1365 3845 2422 3910; baseline 0.006 -15"><span class='ocrx_word' id='word_1_557' title='bbox 1365 3851 1533 3909; x_wconf 87' lang='lat' dir='ltr'>tonos,</span> <span class='ocrx_word' id='word_1_558' title='bbox 1579 3845 1836 3896; x_wconf 89' lang='lat' dir='ltr'>communi</span> <span class='ocrx_word' id='word_1_559' title='bbox 1878 3845 2086 3896; x_wconf 85' lang='lat' dir='ltr'>nomine</span> <span class='ocrx_word' id='word_1_560' title='bbox 2137 3846 2422 3910; x_wconf 76' lang='lat' dir='ltr'>Celtarum,</span> 
     </span>
     <span class='ocr_line' id='line_1_98' title="bbox 1366 3919 2420 3987; baseline 0 -14"><span class='ocrx_word' id='word_1_561' title='bbox 1366 3919 1676 3973; x_wconf 84' lang='lat' dir='ltr'>Galatarum</span> <span class='ocrx_word' id='word_1_562' title='bbox 1729 3927 1788 3971; x_wconf 86' lang='lat' dir='ltr'>et</span> <span class='ocrx_word' id='word_1_563' title='bbox 1825 3921 2092 3973; x_wconf 73' lang='lat' dir='ltr'>Gallorum</span> <span class='ocrx_word' id='word_1_564' title='bbox 2135 3922 2420 3987; x_wconf 79' lang='lat' dir='ltr'>adpellant.</span> 
     </span>
     <span class='ocr_line' id='line_1_99' title="bbox 1362 3997 2421 4062; baseline 0.002 -16"><span class='ocrx_word' id='word_1_565' title='bbox 1362 3997 1488 4047; x_wconf 70' lang='lat' dir='ltr'>vid.</span> <span class='ocrx_word' id='word_1_566' title='bbox 1519 3997 1717 4062; x_wconf 85' lang='lat' dir='ltr'>Interp.</span> <span class='ocrx_word' id='word_1_567' title='bbox 1759 3997 1942 4047; x_wconf 78' lang='lat' dir='ltr'>velleii</span> <span class='ocrx_word' id='word_1_568' title='bbox 1977 3997 2012 4046; x_wconf 89' lang='lat' dir='ltr'>l.</span> <span class='ocrx_word' id='word_1_569' title='bbox 2051 3997 2104 4048; x_wconf 86' lang='lat' dir='ltr'>d.</span> <span class='ocrx_word' id='word_1_570' title='bbox 2139 4003 2198 4046; x_wconf 86' lang='lat' dir='ltr'>et</span> <span class='ocrx_word' id='word_1_571' title='bbox 2233 4009 2298 4048; x_wconf 78' lang='grc' dir='ltr'><strong>ιι.</strong></span> <span class='ocrx_word' id='word_1_572' title='bbox 2341 3999 2421 4048; x_wconf 84' lang='grc'>12.</span> 
     </span>
     <span class='ocr_line' id='line_1_100' title="bbox 1366 4072 2420 4140; baseline -0.003 -16"><span class='ocrx_word' id='word_1_573' title='bbox 1366 4073 1508 4138; x_wconf 83' lang='lat' dir='ltr'>Lips.</span> <span class='ocrx_word' id='word_1_574' title='bbox 1547 4073 1614 4126; x_wconf 81' lang='lat' dir='ltr'>ud</span> <span class='ocrx_word' id='word_1_575' title='bbox 1652 4072 1787 4124; x_wconf 88' lang='lat' dir='ltr'>Pliu.</span> <span class='ocrx_word' id='word_1_576' title='bbox 1823 4073 2081 4140; x_wconf 68' lang='lat' dir='ltr'>panegyr.</span> <span class='ocrx_word' id='word_1_577' title='bbox 2120 4085 2166 4124; x_wconf 85' lang='lat' dir='ltr'>c.</span> <span class='ocrx_word' id='word_1_578' title='bbox 2202 4082 2318 4120; x_wconf 71' lang='lat' dir='ltr'>xlv·</span> <span class='ocrx_word' id='word_1_579' title='bbox 2363 4077 2420 4121; x_wconf 86' lang='lat' dir='ltr'>et</span> 
     </span>
     <span class='ocr_line' id='line_1_101' title="bbox 1366 4142 2450 4216; baseline -0.002 -16"><span class='ocrx_word' id='word_1_580' title='bbox 1366 4149 1609 4200; x_wconf 75' lang='lat' dir='ltr'>Perizon.</span> <span class='ocrx_word' id='word_1_581' title='bbox 1661 4149 1728 4200; x_wconf 81' lang='lat' dir='ltr'>sd</span> <span class='ocrx_word' id='word_1_582' title='bbox 1759 4147 1941 4202; x_wconf 80' lang='lat' dir='ltr'>AElisn.</span> <span class='ocrx_word' id='word_1_583' title='bbox 1987 4159 2086 4198; x_wconf 77' lang='lat' dir='ltr'>xn-</span> <span class='ocrx_word' id='word_1_584' title='bbox 2119 4144 2185 4196; x_wconf 84' lang='lat' dir='ltr'>V.</span> <span class='ocrx_word' id='word_1_585' title='bbox 2227 4142 2299 4196; x_wconf 83' lang='lat' dir='ltr'>H.</span> <span class='ocrx_word' id='word_1_586' title='bbox 2335 4147 2450 4216; x_wconf 57' lang='grc'><strong>28,-</strong></span> 
     </span>
    </p>
   </div>
  </div>
 </body>
</html>
