2910 4693
536 316 669 383 8⁰0

538 476 623 527 De
686 472 908 527 Cimbris
970 486 1030 522 ac
1084 472 1334 523 Teutonis
1380 470 1598 525 Quintil.

539 550 699 603 Decl.
725 562 812 601 ιιι.
842 551 857 578 ⁴
883 548 966 599 Ex
981 549 1167 599 ultimo
1206 548 1359 599 litore
1380 546 1598 610 Oceani,

538 633 595 679 et
616 628 878 691 dirempta
898 622 1173 691 frigoribus
1203 624 1375 689 plaga,
1408 637 1536 688 gens
1567 638 1601 673 a

530 714 713 754 rerum
754 708 943 753 natura
980 715 1131 765 paene
1176 700 1597 764 relegata...Jta-

534 778 661 829 liam
700 776 1002 828 inundavit!
1078 778 1151 826 Et
1199 775 1384 826 Claud.
1430 775 1498 825 de
1530 776 1597 824 B.

536 854 667 906 Get.
699 856 755 904 in
786 853 876 904 fin.
907 854 923 883 ‘
948 853 1147 905 Oceani
1185 852 1383 915 stagnis
1424 852 1598 903 excita

538 931 790 995 supremis
816 930 1079 981 Cimbrica
1099 926 1419 993 tempestas!

606 1009 764 1064 Quam
791 1012 947 1057 terras
970 1020 1129 1056 eorum
1146 1006 1419 1056 inundasset
1446 1004 1598 1053 Ocea-

534 1082 646 1146 nus]
681 1080 971 1133 Absurdam
1010 1095 1125 1133 esse
1162 1081 1299 1131 hanc
1342 1080 1598 1131 rationem

534 1157 721 1211 scribit
737 1158 820 1207 hic
846 1158 1118 1221 Rupertus.
1184 1158 1321 1207 Nam
1346 1170 1449 1207 non
1483 1170 1596 1207 cre-

535 1232 695 1285 dibile
752 1246 867 1283 esse
929 1232 1165 1283 Cimbros
1221 1238 1325 1282 tam
1380 1232 1596 1285 stolidos

530 1308 706 1373 fuisse,
738 1315 803 1359 ut
838 1322 938 1359 nou
968 1308 1381 1359 animadvertere
1413 1314 1596 1375 potue·

533 1386 661 1447 rint,
695 1390 880 1436 aestum
924 1384 1081 1435 maris
1130 1385 1416 1435 naturalem
1461 1400 1596 1451 esse,

534 1468 593 1511 et
614 1461 768 1511 statis
806 1461 857 1511 in
880 1460 989 1511 dies
1020 1460 1159 1511 boris
1178 1474 1467 1525 recurrere,
1497 1476 1594 1513 nec

534 1538 777 1605 cuiquam
796 1550 1007 1587 nocere.
1074 1536 1145 1586 Et
1166 1536 1245 1586 ita
1254 1536 1496 1600 judicare
1518 1537 1595 1587 di·

532 1611 609 1662 cit
640 1612 909 1663 valesium
940 1612 1003 1663 ad
1033 1610 1208 1663 Amm.
1228 1614 1397 1663 Marc.
1424 1626 1518 1663 xv.
1538 1618 1591 1665 9.

532 1686 637 1738 Sed
659 1688 897 1739 Valesius
920 1688 1009 1739 illa
1028 1702 1133 1739 non
1153 1689 1390 1753 disputat
1410 1688 1593 1749 adver·

530 1778 619 1815 sus
656 1763 884 1828 Florum,
916 1764 1007 1814 sed
1049 1764 1177 1814 alios
1220 1764 1465 1829 quosdam
1505 1779 1590 1815 ve-

532 1846 701 1890 tustos
720 1840 1037 1905 Scriptores,
1072 1840 1160 1905 qui
1197 1838 1432 1891 Cimbros
1459 1844 1594 1889 aestu

530 1918 686 1967 maris
723 1917 1028 1982 perterritos
1058 1916 1281 1981 patriam
1318 1916 1592 1983 reliquisse

528 1990 893 2053 tradiderant3
925 2006 1053 2057 quos
1088 2004 1119 2042 a
1156 1991 1439 2043 Posidonio
1467 1992 1592 2057 jure

530 2066 872 2130 reprehensos
906 2065 1089 2116 scribit
1123 2065 1311 2116 Strabo
1346 2066 1464 2118 Lib.
1487 2080 1588 2117 vu.

528 2154 583 2205 p.
607 2144 722 2192 298.
788 2140 974 2191 Florus
993 2146 1169 2191 autem
1196 2154 1299 2189 non
1333 2139 1399 2190 de
1437 2148 1592 2207 aestu,

526 2216 619 2267 aed
675 2216 1013 2281 inundatione
1068 2214 1276 2267 Oceani
1324 2214 1587 2283 loquitur:

528 2306 636 2358 qua
686 2292 846 2341 etiam
892 2289 1205 2357 Ambrones,
1256 2293 1343 2360 qui
1397 2292 1590 2343 deinde

528 2365 751 2417 Cimbris
795 2368 1141 2432 Teutonisque
1187 2379 1245 2417 se
1303 2368 1590 2433 conjunxe-

526 2448 667 2507 runt,
699 2442 907 2494 sedibus
920 2443 1169 2507 expulsos
1205 2442 1366 2494 fuisse
1407 2449 1591 2494 auctor

526 2524 612 2569 est
632 2519 815 2570 Festus
837 2519 891 2568 in
911 2518 1187 2569 Ambroaes.
1252 2521 1337 2570 De
1366 2519 1588 2570 vetustis

524 2595 735 2646 sedibus
759 2602 815 2646 et
833 2595 1097 2645 erroribus
1118 2593 1463 2655 Cimbrorum,
1495 2609 1587 2645 an-

526 2678 734 2738 tequam
766 2672 821 2721 in
858 2670 1068 2722 Italiam
1104 2671 1207 2721 iter
1234 2669 1589 2736 intenderunt,

521 2748 717 2800 Strabo
760 2749 796 2800 l.
819 2747 873 2798 d.
912 2753 970 2798 et
1004 2745 1272 2798 Plutarch.
1310 2747 1363 2797 in
1392 2746 1585 2797 Mario.

524 2821 781 2875 Homines
820 2835 977 2888 vagos
1013 2837 1075 2873 ac
1116 2821 1390 2889 praedones
1422 2821 1587 2872 fuisse

525 2899 655 2950 dicit
688 2899 1000 2951 Posidonius
1038 2913 1124 2963 ap.
1144 2899 1340 2962 strab„
1372 2905 1427 2949 et
1464 2899 1586 2949 Plu-

526 2977 735 3026 tarchus
756 2976 817 3025 iis
850 2989 1037 3026 nomen
1070 2977 1087 3004 ‘
1112 2973 1465 3025 Cimbrorum’
1498 2974 1586 3025 da-

522 3057 653 3116 tum,
690 3051 827 3116 quod
867 3049 1117 3102 Germani
1158 3052 1387 3101 latrones
1429 3065 1585 3101 voca-

522 3132 646 3178 rent
675 3127 693 3156 ‘
715 3127 972 3189 Cimbros,
974 3131 987 3154 ⁹
1016 3126 1154 3192 quod
1173 3125 1359 3176 Festus
1380 3127 1432 3176 in
1459 3127 1588 3177 Cim-

523 3201 602 3251 bri
623 3200 689 3252 de
713 3203 888 3266 lingua
915 3201 1143 3252 Gallicia
1176 3201 1323 3252 dicit.
1386 3201 1588 3252 Proba-

520 3276 677 3327 bilior
694 3283 779 3326 est
798 3276 1061 3327 sententia
1074 3275 1327 3341 scaligeri
1340 3276 1405 3326 ad
1419 3277 1563 3328 Fest.
1549 3313 1586 3356 .,

524 3349 648 3418 quia
668 3350 863 3402 Cimbri
884 3350 1100 3402 fuerunt
1132 3351 1425 3418 praedones,
1459 3352 1583 3404 inde

523 3425 591 3476 ab
629 3441 807 3477 eorum
848 3427 1052 3477 nomine
1087 3429 1166 3478 sic
1202 3427 1371 3477 dictos
1404 3427 1582 3492 fuisse,

521 3503 611 3570 qul
630 3503 811 3554 itidem
832 3503 965 3554 tales
987 3509 1157 3570 erant.

587 3581 630 3645 ς.
658 3583 692 3631 2
728 3583 886 3640 Quum
915 3581 971 3632 ia
1004 3581 1201 3631 Italiam
1234 3577 1580 3643 remigi-arent]

522 3655 658 3707 Eod.
698 3660 851 3709 modo
890 3663 1189 3723 corruptum
1224 3657 1325 3706 boc
1368 3655 1579 3706 verbum

518 3729 616 3780 inf.
638 3731 731 3782 lib.
754 3747 832 3784 xv,
866 3735 1228 3796 emendamus;
1258 3747 1374 3784 nam
1394 3734 1481 3784 bic
1513 3733 1580 3783 si·

520 3803 717 3855 militer
745 3815 1029 3873 regyra-eat
1050 3808 1441 3873 corrigendum:
1481 3821 1579 3858 nec

518 3881 810 3944 remigarent
829 3885 1036 3949 placet:
1071 3886 1193 3938 vide
1225 3899 1343 3950 quoe
1375 3885 1443 3936 de
1479 3886 1578 3936 bac

524 3971 650 4008 voce
679 3959 698 3986 ‘
722 3962 995 4024 regyrare’
1027 3962 1151 4012 alibi
1178 3961 1443 4012 dicemus:
1491 3977 1578 4013 cu-

511 4032 600 4096 jus
635 4033 925 4098 ignorantia
960 4036 1109 4102 fecit,
1144 4046 1203 4089 ut
1222 4039 1303 4088 bis
1327 4047 1578 4104 corrupte

520 4109 782 4174 legeretur
816 4113 870 4162 iu
904 4113 1103 4176 optimo
1136 4113 1388 4166 Auctore.
1430 4113 1578 4165 Salui.

1244 330 1461 380 norm
1509 326 1906 380 vammum
1955 314 2036 377 iu

1672 470 1860 521 mesina
1903 468 2157 532 malebat,
2203 470 2504 532 κείνω-αα.-
2545 474 2706 533 pos-et

1673 546 1834 596 etiam
1893 546 2017 609 legi,
2085 544 2426 609 demigrarent.
2497 546 2708 597 munh.

1675 622 1834 680 Quam
1853 624 1906 673 ia
1926 622 2124 673 Italiam
2143 620 2487 687 remigrat-eat]
2519 622 2610 674 Qui
2625 638 2706 687 po·

1671 704 1850 750 terant
1883 700 2166 764 remigrare
2197 700 2252 749 in
2286 698 2519 764 Italiam,
2547 700 2593 749 in
2619 711 2710 765 qus

1671 790 1930 841 nunquam
1953 772 2196 825 fuerant?
2239 774 2594 839 Remigramns
2611 776 2709 825 sire

1671 852 1898 902 redimus
1937 852 1992 901 in
2025 850 2312 915 regionem,
2343 864 2414 899 ex
2439 864 2542 915 qua
2559 864 2708 900 sunus

1671 934 1794 977 ante
1849 926 2100 992 profecti.
2184 926 2395 976 Vitiosa
2447 928 2562 977 baec
2605 940 2706 977 esse

1671 1004 1853 1067 verba,
1885 1018 2003 1069 quae
2025 1004 2076 1053 in
2099 1002 2334 1054 omnibns
2354 1004 2596 1068 leguntur
2613 1011 2706 1053 tam

1671 1080 1827 1130 editis
1864 1094 2019 1145 quam
2057 1078 2288 1129 exaratis
2323 1092 2502 1141 mann,
2537 1078 2710 1128 dudam

1670 1151 2129 1220 deprehenderunt
2165 1154 2403 1205 homines
2447 1154 2703 1219 elegantes.

1669 1232 1788 1282 Nec
1831 1230 2014 1281 dubito
2058 1230 2182 1296 quin
2239 1238 2391 1281 recte
2446 1228 2706 1280 restituerit

1667 1309 1804 1358 bunc
1847 1310 2017 1359 locum
2057 1320 2274 1371 magnus
2309 1304 2598 1367 Salmasius,
2627 1304 2708 1370 qui

1667 1384 1992 1434 scribendum
2051 1388 2233 1433 censet
2272 1386 2569 1447 περῆν-ιιι,
2619 1380 2704 1430 boc

1669 1467 1770 1525 est,
1801 1458 2138 1510 reflecterent
2179 1456 2284 1507 iter
2320 1470 2470 1505 snum
2504 1470 2567 1505 ex
2599 1454 2706 1504 Eis-

1668 1536 1826 1601 pania
1845 1550 1939 1601 per
1961 1535 2185 1585 Galliam
2205 1533 2260 1582 in
2283 1532 2512 1583 Italiam.
2575 1530 2706 1581 Inn-

1667 1610 1844 1663 serant
1885 1612 2049 1675 primo
2092 1609 2339 1671 Galliam,
2379 1614 2438 1657 et
2475 1620 2570 1671 per
2607 1620 2707 1655 eam

1667 1686 1918 1751 petebant
1941 1686 2271 1751 Hispaniam,
2301 1683 2398 1734 sed
2419 1698 2536 1735 eum
2559 1684 2711 1733 aditus

1667 1764 1742 1813 eis
1779 1764 1833 1813 in
1871 1764 2014 1813 illam
2052 1774 2155 1813 non
2200 1766 2428 1826 pateret,
2461 1756 2714 1812 converte-

1665 1838 1796 1889 bant
1814 1840 1920 1889 iter
1941 1850 2034 1889 sua
2071 1837 2294 1901 vestigia
2331 1838 2637 1901 relegenoes,
2666 1842 2713 1885 et

1665 1928 1762 1981 per
1784 1914 1992 1967 easdem
2011 1918 2199 1979 terras,
2219 1927 2346 1978 quas
2367 1918 2714 1978 peragrarent,

1666 1990 2057 2043 contendebant
2099 1990 2156 2041 in
2211 1990 2442 2054 Italiam,
2489 1990 2586 2039 boc
2623 1998 2715 2051 est,

1665 2079 1909 2133 regyrare
1963 2082 2061 2133 per
2114 2064 2340 2117 Galliam
2397 2066 2455 2115 ln
2499 2064 2714 2115 Italiam.

1663 2144 1817 2194 Idem
1847 2141 2156 2193 vocabulum
2187 2142 2428 2206 reposuit
2461 2142 2490 2191 ὃ
2520 2140 2632 2192 τών
2666 2142 2716 2191 in

1663 2217 1754 2268 lib.
1775 2230 1852 2268 xv.
1888 2230 2006 2281 cap.
2027 2222 2077 2266 2.
2113 2218 2129 2246 ⁴
2154 2217 2437 2267 Postremo
2460 2217 2514 2267 in
2539 2218 2716 2281 Hispa·

1663 2292 1802 2342 niam
1825 2290 2126 2358 regyravitss
2146 2292 2248 2342 hoc
2271 2298 2372 2356 est,
2405 2292 2595 2342 bellum
2627 2292 2716 2341 ite-

1664 2381 1779 2417 rum
1813 2381 2124 2418 conversum
2161 2374 2260 2418 est.
2327 2367 2558 2419 Dixerat
2591 2369 2716 2418 euim

1663 2443 1716 2494 ln
1739 2445 1897 2495 Italia
1919 2444 2112 2494 bellum
2135 2443 2464 2494 commissum
2487 2457 2616 2507 esse,
2633 2443 2715 2492 de-

1661 2517 1787 2568 inde
1808 2531 1865 2570 se
1886 2519 1942 2570 in
1965 2519 2191 2570 Galliam
2208 2519 2622 2585 Hispaniamque
2643 2519 2719 2568 de-

1659 2591 1892 2658 flexisse,
1927 2607 2044 2644 cum
2085 2593 2395 2658 subjecisset
2439 2594 2509 2644 de
2553 2594 2720 2658 Epiro,

1657 2669 1951 2733 Thessalia,
1998 2669 2247 2734 AEgypto,
2304 2668 2456 2733 Asia,
2516 2667 2718 2728 Afn'cn

1659 2745 1876 2806 tandem
1907 2744 2104 2795 addit‘
2127 2745 2408 2794 Postremo
2443 2745 2502 2794 in
2535 2745 2718 2810 Hispa-

1659 2820 1799 2872 niam
1822 2819 2126 2886 regyravlt,'
2157 2819 2251 2872 ubi
2279 2820 2466 2871 itidem
2495 2823 2632 2872 male
2653 2824 2714 2872 le-

1660 2896 1805 2962 gitur
1831 2896 1886 2945 in
1909 2896 2069 2945 editis
2106 2895 2372 2960 plerisque
2405 2897 2718 2960 mark-rw,-

1661 2970 1756 3022 sed
1778 2971 2028 3036 regyravit
2047 2985 2116 3022 ex
2141 2970 2512 3023 emendatione
2531 2973 2718 3024 Salma-

1659 3048 1724 3098 sii
1750 3046 1943 3096 dudum
1977 3047 2219 3111 reposuit
2238 3047 2456 3099 doctiss.
2491 3049 2717 3100 noima.

1659 3124 1813 3175 Quod
1847 3131 1904 3173 et
1939 3123 2234 3188 Ryckianus
2267 3121 2408 3174 liber
2437 3123 2626 3187 firmat,
2664 3126 2714 3174 in

1659 3215 1762 3266 quo
1789 3198 2034 3250 scribitur
2064 3199 2316 3248 Postremo
2341 3199 2400 3249 ia
2433 3199 2716 3263 Ηὺμκίιηιι

1656 3273 1905 3338 regiravit.
1957 3275 2109 3325 Vidit
2131 3273 2254 3323 oliui
2268 3274 2482 3339 Lipsius
2498 3289 2716 3341 quoque,

1657 3369 1774 3405 cum
1797 3354 2040 3420 Lugduni
2065 3355 2203 3404 bunc
2225 3354 2540 3419 scriptorem
2555 3355 2716 3418 expli-

1657 3440 1802 3483 caret
1833 3447 1928 3498 pro
1972 3431 2290 3483 Academica
2323 3431 2609 3496 Concione,
2649 3433 2716 3482 le·

1657 3509 1807 3574 gend.
1847 3510 2113 3574 regyravit.
2181 3509 2316 3558 Haec
2355 3509 2550 3558 tacitus
2588 3523 2714 3572 pra-

1655 3584 1926 3648 teriissem,
1948 3585 2048 3634 nisi
2071 3583 2210 3635 viros
2233 3583 2577 3648 χαριεστάτους
2594 3599 2716 3634 nou·

1654 3659 1779 3710 dum
1801 3673 1832 3709 a
1861 3659 2018 3710 Salm.
2055 3660 2286 3725 potuisse
2315 3659 2624 3724 persuaderi
2647 3659 2716 3707 vi-

1654 3734 1869 3798 dissem,
1900 3742 1960 3785 ut
1981 3735 2096 3800 ejus
2130 3733 2530 3786 subscriberent
2545 3747 2714 3785 emen·

1653 3810 1868 3875 dationi,
1884 3825 2038 3878 quam
2059 3811 2134 3862 eis
2155 3809 2332 3861 studui
2354 3809 2580 3861 reddere
2597 3823 2714 3874 pro·

1652 3885 1970 3938 babiiiorem.
2035 3886 2182 3937 Idem
2204 3883 2350 3950 Lips.
2384 3885 2596 3936 censuit
2613 3884 2715 3934 alio

1651 3963 1786 4026 loco,
1802 3975 1899 4026 pro
1918 3960 2222 4026 remigravit,
2241 3960 2454 4026 legend.
2477 3961 2718 4022 den-ign·

1649 4041 1739 4090 vit.
1771 4040 1950 4091 (ἴτων.
2013 4038 2186 4089 Amet.
2221 4045 2544 4103 receperunt
2575 4051 2716 4102 regy-

1650 4119 1832 4166 rureat.
1881 4115 2000 4166 Non
2013 4125 2326 4179 magnopere
2345 4111 2584 4178 improbo
2599 4127 2720 4162 con·

520 4183 857 4254 fluitarent]
890 4187 979 4240 Sic
998 4187 1131 4240 Pau.
1156 4203 1205 4242 ο.
1238 4197 1293 4242 et
1326 4205 1375 4244 v.
1398 4201 1447 4242 e.
1469 4191 1578 4246 ssl-
1643 4193 1906 4257 jectar-m
1917 4191 2160 4244 Virorum
2181 4189 2396 4242 doctiss.
2416 4201 2518 4241 nec
2541 4195 2716 4239 tamen
