2910 4693
697 308 767 358 1..
815 294 1073 358 annm·
1119 300 1341 355 rmum
1390 300 1534 352 mn.
1580 300 1664 353 ιι.
1709 300 1877 355 cu.
1918 286 1986 353 6.

220 448 419 513 polius
450 448 469 477 ‘
484 446 627 513 apud
658 448 955 499 Listeruum
968 448 1005 499 :'
1038 460 1107 497 aa
1124 452 1207 498 est
1230 456 1312 497 rea

218 526 539 591 ponendum
566 523 819 577 ficiam?
847 524 1084 575 Freinsh-
1155 524 1311 574 Erro·

220 618 347 655 ren
364 602 537 653 Plinii
570 602 777 653 notavit
811 602 975 652 etiam
994 600 1209 665 Lipsius
1244 598 1311 649 ad

215 680 361 731 Sen-
384 692 481 729 ιιι.
504 680 573 729 de
596 677 782 729 Benet'.
804 682 889 728 83.
924 678 1115 729 Paullo
1138 684 1261 727 aute
1278 688 1309 726 e

216 756 407 820 Ryek.
428 756 570 805 Tull.
592 754 785 805 Duisb.
811 755 970 804 Fran.
990 758 1045 802 et
1066 768 1117 803 v.
1147 768 1195 801 e.
1231 766 1311 801 oe·

214 833 379 884 tinet
404 832 579 895 rejeci
601 837 723 894 post
742 831 965 881 bodium.

284 908 643 957 Proetextam
660 908 913 957 nanceium
930 907 1077 973 fliius
1094 922 1125 956 a
1156 910 1313 956 niorto

215 982 499 1046 rap-auen]
516 982 681 1035 Quasi
694 983 709 1010 ‘
726 989 1074 1045 pretextatus
1088 986 1103 1011 ⁹
1122 994 1307 1032 nomen

219 1060 295 1109 sit
314 1056 529 1120 aetatia,
566 1057 813 1119 indicit,
840 1058 858 1085 ⁴
874 1057 1153 1108 admodum
1174 1071 1309 1122 prn-

220 1130 542 1193 textatum:
572 1132 713 1182 sicut
734 1133 919 1196 aliquia
940 1134 1149 1195 dicitur,
1182 1136 1199 1163 ‘
1222 1133 1311 1183 ad·

220 1208 449 1257 modum
502 1212 666 1270 puer,⁸
740 1208 755 1235 ‘
789 1206 1067 1258 admodum
1110 1208 1311 1258 adoies·

220 1282 389 1347 cena‚'
462 1282 591 1333 Hoc
626 1296 787 1333 sensu
831 1284 849 1311 ⁴
864 1284 1139 1335 admodum
1178 1299 1311 1350 pra-

224 1366 475 1411 textatus
492 1358 511 1382 ’
544 1358 685 1409 idem
702 1358 1021 1423 significaret
1040 1360 1199 1426 quod,
1218 1360 1309 1411 ad·

219 1436 445 1487 modam
490 1450 639 1497 puer.
701 1435 1077 1486 Pretextatior
1112 1437 1309 1503 quippe

222 1512 271 1561 is
292 1511 647 1575 intelligitur,
684 1510 775 1575 qui
797 1510 863 1559 ab
886 1512 985 1561 boc
1006 1512 1186 1562 babitu
1216 1512 1309 1563 de·

220 1586 487 1652 ponendo
524 1600 621 1649 per
658 1592 869 1636 aetatem
900 1587 1105 1651 longius
1127 1587 1305 1639 distat.

226 1666 305 1716 Ut
360 1666 379 1694 ‘
400 1676 543 1729 puer
573 1660 881 1711 admodum’
934 1662 981 1711 is
1024 1662 1307 1726 capiendus

225 1748 331 1801 est,
354 1740 455 1806 qui
482 1738 685 1803 longius
702 1738 853 1788 abeat
874 1737 939 1787 ab
955 1751 1167 1801 egressu
1184 1752 1309 1802 pue·

224 1818 389 1868 ritiae.
464 1816 545 1865 At
586 1814 767 1865 Livius
802 1814 940 1865 bunc
988 1815 1311 1880 Scipionem,

228 1892 319 1960 qui
366 1899 589 1956 patrem
625 1906 659 1939 a
700 1896 873 1940 morte
912 1890 1163 1953 servavit,
1198 1896 1307 1939 tum

226 1968 467 2031 primum
490 1964 787 2030 pubertatis
804 1978 964 2015 annos
984 1965 1217 2029 attigisse
1232 1980 1311 2014 os-

224 2043 430 2103 tendit,
456 2056 562 2106 quo
597 2047 837 2104 tempore
872 2046 999 2105 toga
1034 2040 1195 2091 virilis
1227 2056 1309 2091 su-

226 2121 499 2180 mebatur,
521 2117 768 2181 deposita
790 2122 1067 2181 pmtexta.
1132 2116 1311 2166 Verba

226 2195 367 2245 Livii
390 2212 406 2246 ε
448 2193 753 2259 ‘Auxitque
778 2207 1046 2257 pavorem,
1080 2192 1307 2243 consulis

228 2272 426 2321 vuinus
444 2284 465 2330 ς
484 2269 871 2334 periculumque
886 2269 1177 2320 intercursu
1196 2275 1308 2319 tum

231 2349 467 2412 primum
524 2346 861 2411 pubescentis
901 2343 995 2395 filii
1041 2346 1309 2410 propulsa·

235 2423 384 2474 tum?
438 2423 495 2472 Si
520 2429 629 2472 tum
653 2423 873 2487 primum
896 2421 1235 2485 pubescebat,
1254 2422 1307 2470 in

232 2501 381 2550 exitu
408 2499 595 2562 utique
624 2505 743 2549 erat
763 2505 1099 2564 praetcxtatae
1117 2498 1307 2560 aetatis,

234 2592 295 2628 ac
328 2577 565 2643 proinde
586 2591 691 2628 non
725 2584 831 2628 tam
854 2583 1201 2642 praetextatus
1233 2579 1307 2628 vi·

235 2654 349 2704 deri
389 2653 590 2718 potuit,
632 2667 783 2718 quam
820 2654 864 2704 si
900 2655 1165 2719 ingressus
1196 2662 1307 2706 tum

236 2737 381 2780 esset
402 2735 641 2789 atatem,
678 2743 781 2794 qua
796 2735 1055 2792 praetexta
1068 2730 1309 2781 sumitur.

238 2805 359 2855 Nec
390 2803 527 2853 illud
560 2803 673 2853 sine
714 2810 845 2854 nota
886 2803 1309 2867 praetereundum

241 2887 345 2942 est,
366 2877 511 2943 quod
532 2878 653 2928 liuic
674 2877 899 2928 Auctori
920 2879 973 2928 in
997 2879 1211 2930 historia
1233 2881 1307 2932 ita

238 2953 501 3004 familiare
523 2959 627 3017 eat,
648 2961 709 3004 ut
730 2954 801 3004 sit
822 2961 1151 3018 perpetuum.
1201 2956 1309 3006 Ubi

240 3029 361 3080 duae
384 3029 631 3079 incidunt
660 3029 879 3080 dirersae
916 3030 1205 3094 opiniones,
1234 3033 1308 3080 al-

240 3108 405 3157 terius
442 3104 560 3156 fere
596 3119 803 3170 semper
833 3107 1066 3157 meminit
1090 3113 1309 3172 tantum,

242 3197 465 3249 eamque
505 3183 757 3246 sequitur,
793 3198 909 3248 quae
946 3185 1115 3235 minus
1159 3192 1309 3236 certa

244 3265 343 3309 est.
412 3259 490 3308 Ut
510 3258 745 3308 hocloco
776 3258 845 3308 de
866 3271 1073 3312 servato
1093 3263 1308 3311 consule

245 3335 445 3399 duplex
466 3333 609 3383 fama
634 3331 921 3386 ferebatur.
984 3335 1101 3384 Una
1132 3350 1163 3386 a
1200 3335 1309 3384 filio

246 3417 485 3474 ereptum
507 3409 629 3460 neci
648 3407 887 3472 ferebat3
918 3412 1107 3474 altera,
1139 3423 1172 3458 a
1202 3423 1309 3460 ser·

247 3502 333 3539 vo.
386 3488 523 3539 Quoe
543 3485 705 3536 decus
724 3487 777 3535 iu
794 3499 999 3538 servum
1022 3485 1311 3548 transtulit,

246 3577 361 3614 eant
380 3563 545 3626 magia
564 3561 827 3626 vulgatam
842 3559 1001 3612 fuisse
1018 3561 1195 3610 Livius
1206 3568 1311 3612 tes·

252 3646 391 3690 tatur
412 3639 496 3690 bis
517 3637 712 3699 verbis,
730 3651 847 3704 quui
868 3637 945 3687 sic
964 3652 1033 3687 ex
1064 3637 1312 3686 vetustis-

250 3717 372 3766 simo
407 3713 593 3766 codice
632 3713 858 3778 legenda
893 3720 1047 3764 sunt:
1086 3715 1103 3741 ‘
1128 3713 1313 3763 Malim

256 3791 491 3857 equidem
524 3791 593 3844 de
626 3804 783 3840 servo
804 3804 980 3840 verum
1003 3803 1137 3853 esse,
1171 3789 1311 3854 quod

260 3873 317 3917 et
334 3867 513 3932 plures
536 3866 801 3918 tradidere
824 3872 1087 3928 auctorea,
1118 3865 1208 3914 sed
1240 3863 1314 3915 fa·

257 3954 339 3992 ma
356 3941 589 3994 obtinuit
608 3941 851 3993 servum!
874 3941 1025 3992 Salar.
1044 3939 1311 3991 Vid.Gro·

258 4031 373 4069 nov.
394 4019 463 4068 ad
482 4018 597 4069 Liv.
617 4031 741 4068 xxi.
761 4022 847 4069 «to.

320 4095 650 4145 Ρνωειπειιιιω
664 4093 935 4158 admodum
967 4093 1087 4145 Hoc
1108 4091 1311 4156 est,ad-

261 4169 467 4222 nodum
483 4185 632 4236 puer.
694 4170 875 4223 Livius
902 4168 1201 4237 ‘juvenem'
1225 4183 1311 4220 vo·

2315 288 2448 355 653

1386 450 1494 510 cat,
1523 452 1584 497 et
1621 450 1768 497 certe
1811 452 1920 496 tum
1953 444 2176 510 primam
2197 446 2450 509 pubesce-

1383 520 1500 587 bat,
1537 524 1625 588 qui
1659 520 1780 573 fluis
1801 528 1884 573 eat
1903 528 2234 587 pretextato
2257 522 2448 573 etatis.

1385 598 1504 650 Nec
1545 598 1819 649 admodum
1864 602 2240 663 pretextatum
2289 596 2448 649 fuisse

1382 680 1614 739 oportet,
1645 676 1866 741 quitum
1887 673 2148 723 militabat
2182 674 2236 723 iu
2269 680 2452 724 contu·

1382 750 1564 800 bernio
1597 750 1780 814 patris.
1815 748 1964 801 Sain-
2033 749 2206 799 Recte
2225 749 2450 799 animad-

1382 828 1546 879 vertit
1561 828 1842 879 Salmasius
1862 828 2111 877 ιιὴιοὲιιιιι
2132 825 2216 877 bic
2235 825 2449 891 frigere.

1382 906 1480 957 Est
1503 905 1712 970 quidem
1733 904 1874 968 apud
1895 904 2092 955 Justin.
2121 904 2140 932 ⁸
2159 904 2336 953 Bimus
2355 903 2452 952 ad·-

1382 980 1627 1045 modum,'
1677 982 1778 1031 boc
1819 986 1923 1043 est,
1963 980 2200 1041 circiter,
2253 988 2448 1044 praeter

1382 1066 1604 1122 propter
1645 1057 1834 1117 bimus,
1885 1062 1942 1107 et
1979 1058 1998 1087 ‘
2017 1056 2232 1106 Menses
2273 1055 2450 1105 admo·

1384 1133 1508 1183 dum
1527 1132 1772 1197 septem!
1835 1132 1943 1183 Sed
1963 1133 2076 1183 bec
2097 1132 2226 1181 nibil
2247 1132 2348 1181 buc
2369 1128 2449 1180 sa·

1382 1209 1546 1259 dunt.
1611 1208 1708 1257 Vir
1729 1222 1955 1257 summus
1994 1208 2048 1259 J.
2069 1208 2126 1257 F.
2149 1206 2446 1257 Gronovius

1382 1284 1700 1349 conjiciebat
1719 1289 2038 1349 pretextatus
2067 1286 2222 1344 modo,
2261 1283 2316 1333 id
2349 1288 2450 1344 eat,

1382 1362 1472 1426 qai
1495 1360 1582 1411 vix
1605 1369 1917 1425 protentam
1941 1368 2180 1421 exuerat,
2203 1365 2258 1409 et
2281 1358 2448 1424 prima

1382 1450 1522 1487 nunc
1543 1436 1772 1486 tirocinii
1811 1435 2108 1486 rudimenta
2145 1434 2450 1501 deponebat

1382 1510 1676 1561 incastris
1723 1511 1922 1575 patr-ist
1969 1510 2108 1576 quod
2154 1510 2450 1573 perplacet.

1384 1588 1708 1638 Proetextati
1729 1586 1866 1637 euim
1887 1601 1992 1637 nou
2014 1586 2174 1637 facile
2196 1587 2250 1636 in
2272 1592 2450 1637 eastra

1383 1662 1734 1726 ducebantur,
1771 1661 1936 1712 multo
1974 1662 2146 1712 minus
2181 1664 2234 1711 in
2259 1662 2444 1712 aciem.

1386 1740 1556 1789 Grau.
1619 1740 1884 1789 Admodum
1905 1738 1990 1788 bic
2004 1739 2092 1789 vix
2111 1738 2298 1788 latine
2321 1738 2446 1802 poni

1382 1826 1540 1865 nemo
1561 1812 1796 1877 negabit.
1829 1812 2044 1864 Habent
2067 1819 2244 1865 tamen
2267 1813 2320 1862 id
2341 1826 2448 1862 oru-

1384 1890 1472 1939 nia
1505 1890 1848 1953 exemplaria,
1885 1894 1994 1939 tam
2031 1889 2242 1953 auriota,
2285 1900 2443 1953 quam

1384 1966 1548 2029 edita,
1573 1966 1733 2017 etiam
1753 1964 1904 2016 Jord.
1927 1964 2270 2030 Preculpbus‚
2305 1964 2451 2015 Hist-

1382 2043 1541 2094 Misc.
1561 2048 1616 2093 et
1638 2043 1923 2107 Gripum
1956 2041 2055 2090 nisi
2073 2040 2208 2106 quod
2230 2040 2324 2091 soli
2343 2039 2450 2089 Be-

1383 2132 1512 2183 gero
1535 2118 1738 2183 placuit
1771 2118 1898 2167 illud
1933 2118 2140 2181 ejicere.
2201 2116 2340 2166 Haec
2361 2120 2446 2165 est

1383 2209 1538 2259 nova,
1572 2202 1629 2247 et
1669 2195 1896 2247 noudum
1917 2196 1982 2245 ab
2003 2194 2121 2245 aliis
2143 2193 2340 2245 tradita
2367 2207 2448 2243 re·

1382 2273 1504 2337 gula
1525 2272 1656 2323 artis
1677 2270 1900 2335 critice,
1921 2276 1998 2330 ut,
2021 2269 2203 2336 siquid
2227 2282 2442 2333 corrup·

1384 2355 1497 2398 tum
1533 2350 1616 2400 vel
1651 2349 1928 2400 obscurum
1949 2350 2006 2398 in
2029 2346 2250 2398 vetusti·
2271 2346 2450 2411 Scrip-

1382 2426 1588 2476 toribus
1608 2430 1870 2486 occurrat,
1889 2423 1942 2474 id
1967 2425 2082 2474 sine
2101 2423 2205 2473 ulla
2241 2423 2448 2472 haesita-

1384 2501 1547 2564 tione,
1569 2501 1836 2552 exturbari
1858 2501 2036 2550 iiceat.
2084 2500 2250 2550 Immo
2270 2504 2354 2548 est
2369 2499 2446 2547 in-

1383 2576 1580 2627 frunita
1617 2584 1678 2628 et
1710 2575 1984 2640 impudens
2019 2574 2256 2634 audacia,
2294 2585 2448 2636 quam

1384 2663 1488 2702 non
1503 2656 1752 2716 poterunt
1771 2665 1874 2700 non
1895 2648 2242 2699 condemnare
2253 2660 2450 2707 omnes,

1382 2727 1472 2793 qui
1505 2727 1826 2790 intelligunt,
1865 2729 2062 2787 quanta
2093 2737 2192 2786 per
2224 2736 2341 2771 eam
2373 2720 2450 2771 fe·

1384 2809 1568 2854 nestra
1607 2802 1674 2851 ad
1707 2797 2117 2862 corrumpendos
2151 2798 2449 2863 Scriptores

1384 2883 1591 2929 veteres
1607 2877 1892 2940 aperiatur.
1956 2875 2061 2925 Sed
2083 2873 2352 2925 videamus
2373 2881 2448 2926 ta-

1382 2968 1522 3016 men,
1553 2967 1658 3019 qua
1697 2951 1901 3002 ratione
1923 2951 2114 3002 ductus
2135 2966 2240 3001 non
2263 2951 2452 3016 probet

1385 3029 1744 3094 conjecturam
1797 3027 2048 3077 Gronovii
2113 3033 2173 3077 et
2227 3027 2447 3078 Grovii.

1384 3105 1528 3156 Huic
1552 3104 1795 3169 placebat
1833 3103 1954 3154 ideo
1989 3102 2269 3166 legendum
2300 3105 2454 3165 inodo,

1385 3180 1525 3246 quod
1561 3179 1869 3244 pretextati
1893 3193 1996 3228 non
2017 3176 2177 3229 facile
2197 3179 2250 3229 in
2273 3184 2450 3230 castra

1384 3257 1738 3318 ducebantur,
1775 3257 1939 3307 muito
1981 3256 2148 3306 minus
2181 3257 2233 3306 in
2267 3257 2452 3306 aciem.

1384 3332 1528 3385 Quid
1551 3331 1617 3380 ad
1637 3331 1753 3381 haec
1773 3331 2046 3396 Begerus?
2080 3335 2096 3361 ‘
2113 3331 2214 3381 Cui
2235 3330 2448 3392 tamen:

1384 3407 1576 3474 inquit,
1613 3411 1629 3437 ⁴
1651 3407 1945 3472 exemplum
1968 3405 2160 3470 Lepidi
2190 3405 2450 3456 contradi·

1385 3484 1480 3545 cit,
1523 3484 1660 3548 ejus,
1697 3483 1784 3548 qui
1830 3482 1914 3533 vel
1959 3482 2272 3530 numismate
2311 3485 2448 3529 teste

1385 3565 1735 3624 pretextatus
1779 3559 1984 3608 bostem
2025 3555 2240 3617 occidit,
2279 3555 2450 3604 civem

1386 3634 1652 3686 servavitt
1679 3634 1810 3683 adeo
1829 3639 1890 3682 ut
1905 3645 2082 3681 vocem
2104 3631 2354 3678 admodum
2363 3629 2450 3680 hio

1390 3717 1506 3761 tuto
1527 3708 1770 3760 omittere
1784 3707 1979 3758 liceat.’
2043 3705 2278 3756 Historia
2297 3707 2448 3756 estin

1386 3789 1510 3838 vai.
1547 3787 1698 3836 Max.
1732 3799 1819 3836 m.
1859 3787 1906 3834 1.
1939 3792 1997 3835 et
2031 3795 2268 3835 nummus
2307 3783 2450 3849 apud

1388 3863 1638 3915 Ursinum
1659 3863 1714 3912 in
1736 3869 1894 3927 gente
1917 3862 2138 3914 AEmilia.
2191 3863 2450 3916 Potuerat

1388 3939 1548 3991 etlam
1565 3937 1760 3989 addere
1789 3939 2086 4003 exemplum
2113 3938 2206 3989 filii
2235 3937 2450 4002 Tarqui-

1386 4017 1462 4067 nii
1485 4015 1680 4078 Prisci,
1705 4016 1928 4066 relatum
1946 4031 1978 4066 a
1992 4015 2264 4084 Macrobio
2281 4027 2318 4062 1.
2335 4012 2451 4061 Sat.

1386 4097 1435 4144 θ.
1504 4093 1610 4144 Sed
1631 4094 1745 4143 bec
1767 4091 1894 4142 nihil
1919 4106 2035 4142 eum
2051 4093 2260 4155 juvant.
2311 4088 2448 4138 Nam
2507 4153 2514 4158 .

1388 4171 1486 4221 sub
1504 4167 1792 4236 Tarquinio
1817 4167 1998 4220 Prisco
2019 4163 2244 4216 nondum
2261 4161 2442 4214 defiui-
