2910 4693
41 3034 45 3059 —
39 2956 47 2985 <a
39 2880 45 2911 -
39 2798 47 2833 «-
39 2724 47 2757 ...-
41 2648 45 2681 --

617 358 686 413 ι..
729 362 988 413 Anam
1039 362 1258 413 ηοιιι
1310 363 1452 411 mn.
1502 363 1614 411 ιιι.
1662 362 1826 411 car.
1870 346 1975 411 21.

179 510 320 561 Qun
362 504 691 571 precedunt,
738 504 754 533 ‘
797 506 908 556 aine
966 503 1143 567 ferro,’
1197 510 1252 555 et

177 586 198 611 ‘
236 584 346 635 ritu
387 582 652 643 ferarum,’
701 582 984 631 ostendunt
1025 581 1138 631 haec
1186 581 1252 629 ad

175 658 422 709 inimicos
481 664 684 708 tantum
755 657 1040 721 pertinere.
1135 658 1252 707 Nec

181 740 306 784 erat
363 739 474 783 tam
529 732 584 782 id
645 739 870 797 tempus,
929 747 1034 796 quo
1098 732 1254 783 amici

179 809 600 873 proscriptorum
661 809 736 858 ita
793 810 963 872 palam
1039 808 1146 858 suis
1199 824 1254 857 o-

178 898 314 949 pem
371 882 512 934 ferre
584 884 854 935 auderent.
957 885 1094 935 Inter
1153 899 1254 934 ma-

174 974 280 1010 naa
333 967 434 1020 est,
481 960 732 1013 manibus.
811 960 960 1023 virg.
1012 960 1128 1009 AEn.
1175 974 1254 1010 rx.

177 1040 304 1086 5⁰2.
351 1038 366 1063 ‘
411 1036 732 1100 Corripiunt,
779 1038 1015 1101 interque
1075 1050 1256 1086 manus

178 1112 288 1163 sub
339 1119 480 1163 tecta
521 1112 849 1176 reponunt.’·
897 1113 1010 1161 Liv.
1047 1126 1133 1162 ιιι.
1173 1116 1254 1163 13.

175 1189 195 1217 ‘
217 1188 498 1239 Cecidisse
515 1188 890 1237 semianimem:
916 1190 1054 1238 inter
1074 1202 1256 1237 manus

179 1264 402 1317 domum
425 1263 693 1315 ablatum.'
745 1261 899 1313 Add.
937 1262 1252 1315 susum-nv.

178 1344 238 1391 8.
310 1339 496 1389 led.
524 1353 575 1389 v.
606 1339 668 1389 F.
689 1344 738 1389 7.
771 1344 828 1389 et
859 1340 982 1389 Seu.
1007 1340 1074 1389 de
1095 1341 1252 1391 Brev.

177 1416 304 1465 vit.
328 1428 432 1466 ιιι.
497 1416 754 1465 mmm
775 1416 928 1465 estin
967 1417 1100 1479 Reg.
1120 1417 1169 1467 Q
1201 1422 1258 1466 et

177 1490 314 1543 And.
345 1493 603 1541 lateratim
643 1490 694 1539 in
717 1491 866 1540 Voss.
886 1495 934 1542 8.
967 1497 1022 1539 et
1045 1490 1164 1540 edd.
1189 1489 1255 1539 Β.

176 1569 241 1619 S.
257 1573 320 1617 et
331 1566 398 1617 P.
429 1566 536 1617 Sed
546 1566 678 1616 Nan.
700 1574 756 1617 et
773 1566 860 1616 alii
883 1580 1058 1617 omues
1075 1566 1258 1629 scripti

177 1656 312 1692 cum
353 1654 404 1689 e.
443 1640 511 1690 V.
547 1646 602 1691 et
635 1641 688 1691 J.
723 1642 1036 1691 lancinatum:
1079 1654 1256 1705 quam-

182 1730 352 1781 quam
375 1716 428 1765 in
449 1715 620 1780 Ryek.
655 1730 832 1765 errore
865 1715 1138 1766 scribentis
1175 1722 1258 1765 est

179 1792 518 1841 haluntium.
587 1791 726 1842 Puto
745 1790 1034 1841 lancinatum
1065 1791 1116 1841 in
1141 1806 1258 1855 pos·

179 1867 478 1919 sessionem
522 1866 896 1917 restituendum
941 1882 1072 1917 esse.
1149 1867 1258 1917 Sed

179 1944 249 1993 Ξιι
285 1943 410 1993 Sall.
445 1942 561 1993 Cat.
597 1956 714 1993 xlv,
747 1944 1086 2005 hacinaverat,
1119 1942 1258 2007 quod

185 2018 495 2069 Palmerius
516 2033 581 2067 ex
603 2032 704 2067 uno
741 2018 874 2068 libro
909 2019 1260 2069 substituebat

183 2110 294 2159 pro
313 2096 617 2156 laceraverat,
639 2100 786 2145 recte
809 2093 1138 2158 repudiatum
1158 2100 1258 2143 est.

189 2172 392 2221 Remos
435 2171 488 2220 iu
530 2170 764 2221 Errorib.
797 2170 1004 2221 Tribon.
1045 2170 1158 2219 Lib.
1183 2184 1260 2221 rv-

193 2248 370 2311 priue.
393 2261 488 2311 pro
509 2248 635 2297 inter·
653 2262 816 2297 manaa
855 2262 922 2297 ex
957 2247 1070 2297 aliis
1107 2247 1259 2297 codd.

179 2324 350 2389 jubet
385 2324 489 2388 legi
519 2323 807 2374 immaniter.
876 2324 992 2375 Non
1015 2323 1149 2388 scio,
1173 2324 1260 2390 qui

191 2401 308 2450 aiut
329 2399 384 2449 hi
403 2400 557 2450 codd.
1248 2425 1256 2434 ·

266 2475 502 2535 Mariam,
537 2476 670 2526 ducis
705 2476 856 2540 ipsias
883 2476 1119 2540 fratrem]
1147 2477 1162 2506 ‘
1186 2477 1263 2528 M.

197 2549 408 2604 Marius
447 2551 815 2602 Gratidianus'
859 2551 982 2614 fuit,
1017 2559 1078 2602 ut
1117 2559 1264 2616 patet

193 2639 272 2682 ,ex
295 2625 408 2676 Cic.
427 2625 492 2676 de
516 2627 915 2678 Petit-Consul.
939 2633 1119 2693 capu&
1170 2629 1262 2678 Se·

196 2715 357 2764 neca,
387 2700 455 2750 de
497 2701 604 2762 Ira,
644 2706 696 2763 8,
739 2707 821 2752 18.
887 2703 1048 2766 Cujus
1087 2709 1263 2752 antem

197 2777 387 2837 Marii,
417 2777 720 2840 seniorisne,
749 2791 816 2826 an
837 2778 1065 2841 juvenis,
1097 2775 1265 2828 frater

195 2851 386 2914 fuerit,
415 2851 724 2914 ambigitur:
761 2859 888 2915 puto
917 2851 1270 2921 fuissejuni05

197 2931 276 2980 ris
298 2927 540 2991 fratrem,
565 2935 674 2978 tam
707 2943 775 2977 ex
806 2929 977 2978 verbis
1000 2929 1263 2989 Auctoris,

197 3019 360 3070 quam
383 3004 494 3054 aliis
513 3006 856 3069 argumentis:
895 3005 1068 3067 potuit
1088 3011 1265 3054 antem

197 3085 304 3133 hoc
330 3078 492 3132 'modo
524 3080 696 3132 factus
731 3095 848 3132 esse
884 3080 1050 3131 frater
1082 3080 1266 3145 ipsius,

197 3165 268 3208 nt
300 3157 510 3222 quidem
531 3157 690 3208 Marii
725 3157 1061 3222 septiescos.
1101 3155 1267 3207 frater

198 3233 473 3285 sustulerit
515 3233 741 3282 Marium
773 3234 1044 3298 juvenem,
1080 3232 1266 3283 deinde

199 3309 506 3360 Gratidium
527 3308 691 3372 illum,
723 3309 789 3358 de
821 3323 924 3372 quo
951 3310 1064 3370 jam
1099 3322 1268 3357 sermo

193 3391 308 3444 eat,
341 3384 396 3432 in
441 3372 1088 3447 adoptionem‘hcceperit,
1121 3397 1269 3432 suum

203 3467 386 3511 autem
407 3457 572 3508 fllium
611 3457 762 3508 fratri
802 3456 1154 3521 adoptandum
1185 3457 1272 3507 de·

197 3535 379 3586 derit:
415 3533 554 3598 qnod
597 3537 914 3596 postremum
962 3533 1141 3597 ntique
1189 3535 1270 3583 vel

199 3611 336 3662 iude
387 3610 510 3660 satis
572 3614 810 3673 apparet,
857 3607 993 3673 quod
1037 3609 1270 3666 omuibus

199 3693 410 3753 prater
423 3685 720 3750 Appianum
744 3686 1042 3736 auctoribus
1070 3686 1270 3739 Marius

193 3763 402 3828 junior,
435 3761 652 3813 celebria
680 3762 831 3814 istius
857 3761 1012 3811 Marii
1035 3761 1170 3812 filius
1187 3775 1271 3810 vo-

203 3843 396 3899 cetur;
427 3836 534 3899 ille,
565 3834 750 3885 fratris·
783 3837 892 3902 ejus
933 3835 1102 3884 filius:
1135 3833 1272 3900 quod

197 3914 308 3964 hac
366 3911 569 3962 ratione
625 3918 905 3976 utrumque
967 3925 1142 3962 verum
1187 3911 1272 3960 sit.

203 3987 400 4048 Porro,
430 4000 498 4036 ne
541 3986 655 4050 quis
697 3995 966 4038 moveatur
1009 4002 1092 4050 eo,
1137 3987 1273 4051 quod

198 4062 308 4115 iste
331 4062 493 4113 Marii
515 4063 720 4126 majoris
743 4061 908 4114 frater
927 4063 1164 4114 habuerit
1189 4078 1275 4112 na·

205 4140 407 4190 tui-ales
473 4137 678 4200 liberos,
737 4153 906 4204 eoque
965 4155 1066 4189 non
1124 4146 1274 4203 putet

203 4215 469 4282 quendam
487 4213 892 4272 alienafamilise
909 4217 1274 4282 adoptaturum

347 4295 518 4358 Delph.
535 4300 582 4344 et
605 4295 720 4346 Var.
743 4297 869 4346 Chu.

1320 2019 1559 2084 ,scienter
1588 2018 1821 2081 expedit.
1856 2018 2015 2067 Graeu·

1253 4297 1386 4347 Flor-

2250 350 2387 415 945

1327 503 1511 565 fuisse,
1548 514 1732 555 novum
1770 504 1824 553 id
1860 506 2089 555 Romam>
2120 518 2259 557 more
2284 523 2387 558 non

1328 594 1446 631 esse
1468 581 1637 633 diseat
1656 596 1723 631 ex
1759 581 1793 630 l.
1822 585 1899 631 17.
1933 583 1979 645 ξ.
2002 584 2053 631 3.
2086 582 2153 630 de
2187 581 2387 646 Adopt-

1329 664 1386 707 et
1407 657 1597 707 illustri
1631 656 1873 721 exemplo
1906 656 2131 719 Claudii,
2162 659 2249 721 qui
2272 658 2391 707 Bri-

1329 733 1539 785 tannico
1578 746 1645 781 ex
1679 746 1739 782 ae
1778 731 1955 795 genito
1976 732 2197 783 fratrem
2219 733 2387 785 Nero-

1331 822 1446 857 nem
1470 808 1747 872 adoptione
1761 808 1957 871 junxit.
2002 808 2229 869 Tacitus,
2246 809 2391 859 Suet.

1331 882 1461 944 Dio,
1494 883 1601 933 alii.
1634 883 1854 933 Freiasb.
1938 880 2275 948 Quantopere
2316 885 2391 935 la-

1330 960 1521 1011 borent
1540 960 1746 1023 ingenia
1766 960 2035 1011 doctorum
2058 960 2316 1012 bominum
2336 960 2391 1010 in

1330 1038 1429 1091 hoc
1451 1039 1591 1099 loco,
1608 1037 1727 1087 vide
1748 1052 1833 1102 ap.
1854 1037 2093 1087 Perizon.
2114 1036 2391 1089 Animadv-

1333 1115 1475 1165 Hist.
1500 1130 1617 1177 cap.
1636 1118 1683 1163 ⁸.
1710 1114 1797 1179 qui
1820 1119 1877 1163 et
1896 1114 2099 1163 erudite
2119 1114 2195 1163 'rbi
2215 1114 2389 1166 multis

1331 1189 1491 1238 docet
1534 1188 1719 1238 ducem
1770 1189 1905 1237 bunc
1948 1188 2191 1251 Marium,
2240 1188 2391 1251 cujus

1329 1261 1499 1313 frater
1551 1261 1714 1312 fuerit
1768 1264 1967 1313 Marius
2029 1262 2389 1325 Gratidianus,

1329 1336 1493 1387 fnisse
1528 1338 1755 1389 Marium
1794 1339 2074 1402 juniorem,
2108 1352 2214 1390 vu.
2252 1342 2391 1397 Cou-

1331 1416 1454 1471 sulis
1472 1413 1649 1464 filium.
1714 1414 1931 1471 Patrem
1962 1415 2097 1465 enim
2136 1422 2261 1465 tunc
2294 1416 2391 1468 ali-

1330 1479 1460 1554 quot
1481 1489 1627 1538 annia
1648 1495 1773 1539 ante
1785 1489 1897 1552 jam
1918 1488 2225 1553 decessisse,
2256 1491 2394 1555 eJua·

1331 1580 1430 1631 que
1469 1566 1699 1627 Florum,
1718 1563 1784 1619 ab
1821 1564 1911 1613 illo
1946 1564 2061 1613 loco
2100 1565 2153 1613 in
2188 1566 2235 1613 b.
2272 1580 2390 1630 cap.

1330 1639 1420 1691 ubi
1451 1640 1468 1667 ‘
1490 1640 1714 1689 Marium
1728 1638 2003 1703 juvenem’
2038 1640 2203 1704 primo
2230 1642 2393 1694 uomi-

1331 1717 1489 1779 uarit,
1520 1716 1710 1765 nullam
1733 1716 1949 1778 amplius
1972 1717 2283 1765 mentionem
2314 1716 2391 1767 fa-

1330 1806 1473 1843 cere.
1540 1792 1647 1841 Sed
1680 1791 1875 1855 inspice
1912 1791 2051 1841 illam
2074 1792 2187 1842 Viri
2215 1793 2391 1847 eximii

1330 1866 1767 1928 dissertationem,
1801 1866 1885 1917 ubi
1909 1868 2007 1917 hoc
2026 1868 2201 1918 multis
2222 1869 2391 1923 discu-

1331 1943 1416 2005 tit,
1449 1948 1507 1991 et
1528 1942 1709 2003 nodos,
1744 1957 1872 2013 qnos
1911 1942 1999 1991 alii
2039 1942 2393 2007 implicarunt,

2080 2017 2249 2069 Valde
2273 2034 2391 2081 pro·

1331 2093 1577 2143 habiliter
1613 2092 1847 2157 disputat
1877 2092 2192 2156 Perizonius,
2226 2094 2391 2155 Mari-

1333 2184 1420 2220 um
1461 2170 1595 2218 hunc
1625 2168 1983 2221 Gratidianum
2005 2185 2036 2219 a
2060 2170 2213 2220 Floro
2245 2171 2262 2199 ‘
2288 2169 2393 2223 fra-

1335 2244 1493 2296 trem'
1525 2245 1685 2294 Marii
1712 2245 1937 2308 junioris
1954 2246 2079 2307 dici,
2113 2262 2207 2310 pro
2228 2246 2391 2302 fratre

1334 2320 1580 2386 patrueli,
1616 2327 1677 2378 ut
1698 2335 1839 2386 soepe
1862 2323 1998 2386 apud
2022 2323 2167 2374 alios.
2235 2325 2391 2380 Quod

1335 2404 1505 2446 autem
1529 2395 1701 2457 addit,
1732 2398 1927 2448 nullum
1959 2397 2116 2458 alium
2140 2398 2239 2451 illis
2262 2409 2393 2453 tem-

1335 2472 1545 2536 poribus
1582 2472 1637 2522 in
1669 2471 1783 2520 aliis
1820 2471 2135 2525 Auctoribus
2172 2477 2394 2540 reperiri

1335 2549 1583 2610 Marium,
1626 2555 1819 2610 prater
1861 2549 1953 2597 bos
1997 2555 2119 2612 tres,
2168 2551 2393 2602 Marium

1336 2631 1559 2689 patrem,
1594 2623 1821 2674 Marium
1849 2621 2033 2687 tilium,
2072 2633 2131 2674 et
2165 2626 2391 2686 Marium

1336 2699 1717 2759 Gratidianum,
1751 2697 1803 2746 id
1829 2697 2087 2750 refellitur
2116 2716 2149 2749 e
2183 2690 2391 2754 Plutar-

1336 2777 1454 2838 cho,
1486 2775 1653 2840 quiin
1676 2775 1907 2825 sertorio
1940 2777 2019 2826 Μ.
2043 2777 2269 2828 Marium
2300 2783 2395 2829 Se·

1335 2859 1573 2902 nator-em
1594 2851 1659 2898 ad
1680 2851 1979 2901 Sertorium.
2000 2851 2051 2900 in
2087 2853 2393 2916 Hispaniam

1338 2927 1535 3050 ἰυῇὶειιε
1556 2925 1755 2976 scribit.
1824 2926 1961 2978 Add.
2000 2930 2169 2980 eumd.
2202 2931 2257 2980 iu
2292 2933 2395 2982 Lu·

1337 3017 1400 3052 cu
1443 3017 1492 3050 ο.
2076 3013 2083 3022 ·

1401 3081 1545 3144 Apud
1568 3079 1729 3128 Catali
1750 3082 2028 3144 sepulcrum]
2060 3083 2197 3133 Vide
2226 3082 2315 3134 inf.
2344 3088 2396 3146 ⁴,

1338 3161 1390 3219 β,
1411 3160 1462 3205 6.
1496 3155 1717 3204 Ρνείιιιὶι.
1784 3156 1923 3207 Add.
1959 3171 2103 3220 supr.
2124 3171 2212 3208 ιιι.
2235 3163 2393 3212 20..9.

1337 3233 1372 3284 J
1377 3231 1530 3282 nstin.
1550 3245 1629 3280 xi.
1652 3237 1703 3282 2.
1755 3233 1978 3282 Casaub.
2002 3233 2069 3284 ad
2090 3235 2238 3286 Suet.
2258 3237 2395 3299 Aug.

1341 3311 1434 3356 xv.
1453 3315 1507 3354 et
1527 3306 1865 3355 Kirehmann.
1890 3305 1956 3356 de
1978 3309 2223 3360 Funerib.
2245 3324 2331 3362 ιιι.
2344 3315 2395 3361 4.

1409 3383 1589 3445 Oculis,
1607 3383 1835 3440 manibus,
1859 3385 2159 3450 cruribusque
2177 3387 2397 3449 defossis]

1343 3458 1534 3510 Hiatus
1555 3465 1609 3509 et
1629 3457 1885 3520 defectus,
1920 3473 2073 3524 quem
2096 3469 2395 3512 sanaturum

1343 3547 1398 3583 se
1421 3533 1729 3597 promiserat
1750 3533 1971 3596 Lipsius,
1982 3534 2045 3583 ad
2063 3534 2184 3586 Seu.
2206 3533 2270 3584 de
2293 3534 2398 3596 Ira,

1343 3613 1396 3671 3,
1436 3614 1517 3666 18,
1560 3613 1606 3660 1.
1672 3609 1890 3657 viveres
1931 3613 2107 3658 autem
2146 3609 2321 3671 Lipsi„
2338 3615 2397 3660 et

1340 3683 1581 3734 sanares!
1644 3682 1781 3731 Nam
1807 3681 1985 3742 lectio,
2004 3697 2159 3746 quam
2182 3683 2399 3748 Pighius

1343 3759 1396 3808 in
1418 3756 1703 3816 Annalibus
1722 3755 1916 3818 adfert,
1946 3759 2121 3810 nescio
2140 3763 2399 3824 quomodo

1347 3835 1554 3884 Florum
1576 3846 1677 3881 non
1702 3833 1913 3896 resipitz
1949 3842 2031 3884 est
2060 3843 2233 3890 autem
2264 3838 2363 3888 ista
2382 3857 2399 3888 ε

1345 3908 1529 3975 efflatis
1548 3908 1713 3970 oculis,
1742 3908 1955 3958 manibus
1985 3911 2285 3976 crurib-sque
2320 3917 2399 3962 de-

1343 3987 1501 4036 sectis.
1566 3985 1747 4038 Malim
1770 3999 1865 4048 pro
1883 3985 2084 4046 defossis
2104 3989 2277 4053 legere
2292 4003 2397 4051 per·

1331 4062 1499 4124 fossis.
1545 4061 1695 4112 Hanc
1716 4068 1887 4112 autem
1906 4063 2266 4118 crudelitatem
2285 4079 2401 4127 pas·

1345 4140 1442 4202 sim
1486 4146 1771 4190 memorant
1807 4145 1863 4187 et
1904 4137 2247 4194 detestantur.
2314 4139 2402 4188 In-

1346 4217 1525 4280 primis
1548 4217 1806 4274 Lucauus,
1825 4217 1875 4276 2,
1904 4217 2014 4262 1⁷4.
2050 4211 2135 4263 cui
2169 4211 2402 4276 persimi-
