2910 4693
1027 340 1158 421 „m
1213 342 1545 393 rhonuu.
2360 355 2415 403 V

184 480 364 531 Aliud
381 502 442 533 ex
463 486 556 535 alio
575 496 766 551 captare
795 488 862 547 iii,
884 492 964 548 17,
985 494 1018 541 2

261 546 483 597 Allevari
513 550 626 614 (pro
647 553 752 611 nit-i,
775 552 944 601 fretum
965 570 1085 611 esse,
1120 556 1276 605 suble·

181 611 334 674 vari)
365 611 431 672 iv,
451 618 504 671 2,
527 620 592 665 10

259 674 421 733 Allia,
440 680 490 725 fl.
522 679 556 738 i,
571 684 653 737 18,
673 682 708 730 7
1141 706 1148 713 ·

259 738 552 805 Allobroges
583 742 656 802 iii,
675 748 726 802 2,
745 750 778 794 4
824 746 874 794 in
896 762 1023 795 arma
1039 746 1276 796 solicitan-

181 812 276 851 ωε
301 820 334 852 a
354 806 650 855 Catilinianis
681 809 746 868 iv,
765 814 814 867 1,
831 818 866 861 9
1151 830 1156 839 ·

261 868 468 919 Allueie
505 871 706 946 (dicitur
737 875 958 923 Oceanus
991 884 1074 924 aut
1107 875 1277 925 fluvius

177 940 350 981 terras
371 951 496 998 pone
509 937 752 1001 Jacenoes)
783 940 847 996 ir,
873 944 952 998 12,
975 944 1042 991 46

259 996 422 1063 Alpes
452 999 486 1057 i,
511 1005 591 1058 13,
613 1008 662 1053 6.
713 1004 747 1060 i,
769 1007 852 1061 26,
875 1008 910 1054 9
956 1004 1157 1053 claustra
1175 1004 1274 1052 Ita-

179 1060 274 1109 lia
313 1062 386 1121 iii,
406 1067 456 1121 3,
478 1068 512 1113 6
559 1066 734 1132 hyeme
751 1076 968 1117 crescunt
1015 1069 1083 1125 iii,
1107 1074 1186 1125 10,
1209 1073 1274 1121 22

175 1128 594 1177 transcenduntur
632 1132 694 1179 ab
713 1130 950 1181 Annibale
996 1133 1048 1189 ii,
1087 1139 1139 1191 6,
1159 1138 1192 1183 9
1245 1148 1276 1181 a

177 1188 434 1239 Romanis
462 1192 533 1250 iii,
555 1198 606 1250 2,
629 1198 660 1245 3
727 1194 876 1261 Alpes
905 1196 1094 1246 Norica
1131 1197 1202 1255 iii,
1223 1200 1272 1255 8,

181 1259 280 1304 18.
317 1256 384 1311 iv,
408 1261 488 1314 12,
509 1262 540 1307 4
1263 1272 1270 1281 “

255 1320 502 1383 Alpheus,
523 1322 573 1369 fl.
609 1323 660 1380 ii,
685 1328 766 1381 16,
785 1327 817 1373 3

255 1384 548 1447 Alpinorum
571 1402 818 1467 corporum
839 1387 956 1436 vitia
993 1390 1046 1447 ii,
1067 1394 1116 1445 4,
1139 1394 1174 1439 2

255 1448 433 1497 Altera
451 1452 602 1514 patria
633 1453 684 1509 ir,
703 1456 752 1508 6,
767 1457 832 1503 42
865 1451 1024 1501 Roma
1053 1452 1123 1510 iii,
1140 1458 1189 1507 6,
1208 1457 1267 1501 16

253 1512 408 1561 Altus
440 1514 624 1563 animus
662 1516 776 1581 (pro
799 1532 985 1581 magno,
1005 1524 1071 1572 et,
1093 1524 1148 1563 ut
1167 1517 1271 1564 Sal-

175 1576 360 1633 lustio,
383 1578 490 1627 Cat.
509 1595 618 1643 eap-
639 1586 687 1630 6.
709 1580 896 1638 dicitur,
913 1582 1074 1645 vasto)
1106 1581 1171 1638 iv,
1188 1585 1269 1637 12,

175 1646 254 1689 47
296 1642 465 1691 Altum
487 1644 716 1708 (nub-ndi
736 1646 888 1711 mare)
939 1645 1008 1702 iii,
1029 1649 1078 1701 8,
1101 1649 1150 1694 4.
1206 1645 1268 1701 iv,

179 1710 276 1762 n,
303 1710 338 1757 8
403 1707 504 1773 (Sic
539 1711 670 1771 apud
689 1708 858 1795 vi'ffn·
881 1710 999 1759 AEn.
1031 1708 1064 1765 i,
1087 1715 1136 1759 7.
1184 1718 1198 1737 ‘
1219 1715 1272 1757 et

180 1771 330 1818 terris
344 1770 570 1835 Jnctatus,
593 1780 646 1821 et
665 1773 780 1821 alto.

177 1848 324 1883 mue
359 1844 434 1883 est
463 1835 688 1895 medium,
731 1852 839 1886 cum
879 1838 1066 1903 longius
1099 1852 1130 1885 a
1150 1846 1272 1886 terra

175 1898 459 1947 receditur:
494 1901 561 1949 ibi
590 1902 716 1949 enim
753 1916 890 1967 aqua
911 1902 1268 1965 conglobantur,

177 1970 238 2010 et
275 1965 332 2011 in
359 1966 554 2013 convexi
589 1967 799 2029 speeiem
821 1974 1102 2015 tumescunt.
1141 1965 1270 2014 Vide

177 2027 404 2076 Plinium
435 2028 488 2084 ii,
506 2028 600 2103 66>

261 2092 472 2141 Alumna
493 2094 617 2142 urbis
637 2094 758 2142 ostia
779 2095 854 2169 (h.
891 2110 936 2143 e.
958 2108 1066 2159 quo
1087 2094 1172 2142 alit
1193 2110 1268 2143 ur-

179 2156 320 2211 bem,
353 2172 528 2221 nempe
557 2159 894 2207 commeatibus
928 2174 988 2205 ex
1023 2158 1128 2205 aliis
1148 2159 1268 2221 regi·

181 2220 366 2269 onibus
403 2236 462 2268 eo
504 2222 772 2271 convectis:
841 2223 936 2270 uod
961 2222 1112 2285 tangit
1159 2223 1194 2279 i,
1214 2228 1266 2279 4,

179 2290 215 2333 8
253 2285 425 2349 supra)
455 2286 524 2341 iii,
547 2290 630 2343 21,
648 2291 712 2337 12
748 2286 772 2360 ζ
841 2300 1006 2335 umnus
1026 2287 1152 2334 enim
1169 2300 1266 2333 non

183 2351 228 2397 is
277 2351 422 2399 modo
458 2351 644 2409 dicitur,
689 2365 770 2414 qni
805 2351 958 2407 alitur,
996 2352 1080 2399 sed
1112 2359 1160 2399 et
1182 2351 1267 2415 qui

181 2413 278 2462 alit
298 2432 310 2462 :
335 2423 392 2462 nt
412 2422 428 2444 ‘
442 2415 715 2478 eloquentia
733 2415 923 2464 alumna
945 2415 1158 2462 lioentioe’
1183 2431 1265 2462 vo-

181 2487 326 2526 catur
345 2481 477 2543 apud
501 2479 755 2530 Auctorem
775 2480 838 2529 de
858 2479 1010 2528 causis
1031 2485 1262 2554 corrupta

182 2542 480 2608 eloquentiae
502 2559 558 2592 ca
597 2577 612 2594 .
646 2547 728 2593 40.
761 2553 812 2592 et
831 2543 966 2600 alios,
1005 2557 1124 2608 quos
1145 2551 1264 2591 citat

181 2607 524 2656 Beemnunin
544 2560 817 2673 (grigimhm
831 2609 922 2656 Lin
989 2623 1030 2655 ω
1052 2607 1260 2656 Latine:

183 2673 428 2720 conti-ario
447 2687 590 2722 sensu
609 2679 626 2702 ⁸
649 2673 867 2722 alumnus
881 2625 1022 2720 urffis'
1041 2680 1116 2721 est
1134 2672 1263 2736 apud

179 2735 408 2784 Tacitum
441 2737 628 2794 xii,·11,
652 2738 712 2801 8)

253 2800 500 2850 Ambiorix
523 2802 692 2850 Gallus
723 2801 792 2858 iii,
818 2805 898 2858 10,
921 2806 956 2851 7

251 2865 476 2913 Ambitus
496 2866 608 2930 (pro
630 2865 912 2930 ambitione)
957 2866 1022 2921 iv,
1045 2869 1095 2920 9,
1117 2868 1166 2913 2.
1199 2863 1262 2919 iv,·

183 2935 272 2986 11,
295 2933 322 2978 1
390 2929 610 2978 Ambitus
632 2932 806 2979 ducum
831 2931 885 2978 in
901 2929 1156 2978 retinendis
1177 2929 1264 2976 im-

179 2993 332 3058 periis
361 2994 426 3051 iv,
447 2999 497 3051 2,
520 2998 586 3044 4³
639 2994 860 3043 Ambitus
881 2995 1110 3042 honorum
1130 2993 1266 3058 (cum

181 3058 486 3122 magistratus
523 3055 698 3107 illicitis
733 3059 915 3115 mediis,
956 3065 1008 3106 nt
1045 3058 1264 3122 pecunia,

182 3123 390 3186 aliisque
406 3123 671 3181 lenociniis,
695 3122 984 3188 ambiuntur)
1016 3122 1083 3178 iii,
1103 3127 1181 3178 12,
1203 3127 1259 3172 11

181 3187 282 3234 hoc
303 3203 460 3243 sensu,
486 3187 708 3236 Ambitus
727 3188 792 3236 rei
841 3189 907 3243 iii,
933 3193 1011 3242 17,
1035 3193 1066 3236 6
1101 3201 1265 3249 -usque

181 3253 249 3298 ad
273 3250 519 3300 Ambitum
537 3253 702 3300 armati
731 3252 962 3300 Samnites
994 3251 1068 3316 (h.
1098 3267 1144 3298 e.
1167 3265 1265 3298 am-

183 3315 375 3372 bitiose,
417 3323 470 3364 ut
501 3332 600 3366 non
619 3333 755 3364 usum
779 3316 926 3379 magis
947 3331 1176 3364 armorum
1193 3331 1264 3362 re-

181 3379 440 3444 spicerent,
463 3395 604 3444 quam
623 3387 920 3444 ornamenta)
941 3380 975 3436 i,
996 3383 1074 3436 16,
1089 3384 1118 3428 7
1143 3379 1263 3442 (quo

183 3445 286 3492 fere
310 3449 452 3493 sensu’
475 3453 488 3473 ⁴
507 3445 775 3493 'ambitiosas
796 3444 972 3509 copias’
1003 3444 1126 3492 dixit
1144 3443 1263 3492 Am-

181 3509 372 3558 mianus
403 3509 528 3564 xxiv,
569 3514 648 3559 19.
682 3510 748 3557 itu
769 3524 977 3573 mag-nas,
1013 3515 1071 3556 nt
1103 3510 1164 3557 ad
1187 3524 1262 3556 os·

185 3570 498 3622 tentationem
519 3573 694 3636 potius,
719 3589 860 3638 quam
880 3589 1032 3631 usum,
1069 3589 1264 3638 compa-

183 3646 302 3685 rata
323 3638 468 3686 fuisse
491 3639 762 3702 videantur)

251 3701 504 3750 Ambracia
541 3703 593 3759 ii,
616 3707 665 3758 9,
689 3707 722 3752 2

251 3764 532 3814 Ambracius
555 3768 684 3814 sinus
715 3767 778 3824 ir,
803 3771 883 3821 11,
900 3770 935 3816 4

251 3830 480 3879 Amicitia
500 3833 614 3895 (pro
635 3831 838 3892 foedere)
871 3831 934 3885 iv,
955 3833 1035 3886 10,
1059 3834 1087 3878 1

252 3894 432 3945 Amieti
471 3896 646 3944 vitibus
677 3901 858 3942 montes
907 3893 941 3949 i,
963 3896 1044 3949 16,
1076 3898 1107 3941 6
1181 3891 1260 3939 Sic

187 3959 272 4007 alii
289 3969 456 4008 terrem
477 3962 694 4009 vestitam
707 3958 896 4014 vitibus,
1048 3957 1142 4012 ‘ne,
1211 3971 1257 4005 c.

185 4024 372 4072 dicunt.
427 4023 536 4074 vide
587 4025 944 4074 Tsubmannum
1003 4024 1066 4070 ad
1126 4021 1260 4084 Virg.

189 4087 367 4152 Georg.
398 4089 449 4146 ii,
494 4094 574 4139 88.
641 4089 892 4153 corippus,
937 4087 1018 4136 lib.
1053 4103 1128 4136 xv.
1175 4093 1192 4114 ⁴
1211 4095 1262 4132 et

189 4153 374 4200 ainictae
393 4154 570 4202 vitibus
583 4153 742 4219 ulmi')
1087 4161 1094 4170 ⁶

254 4217 442 4268 Amissa
482 4218 617 4282 quasi
654 4227 786 4282 npt-
814 4217 1064 4282 repetimus
1112 4215 1181 4274 iii,
1206 4221 1254 4272 5,

862 1780 878 1805 ‘
895 1773 1078 1821 Altum'
1111 1780 1270 1821 autem

1413 490 1702 542 Amoenitato
1724 492 1933 543 Asiatica
1954 498 2135 549 mollita
2170 500 2413 553 Gallorum

1347 556 1509 605 feritas
1541 559 1595 615 ii,
1616 563 1698 615 11,
1720 563 1751 610 4
2414 575 2421 583 ’

1347 684 1361 697 .
1405 621 1559 734 ἕλωσι
1578 624 1847 672 immaturus
1863 624 1937 689 (h.
1960 642 2004 674 e.
2032 626 2415 695 intempestivus)

1346 698 1380 741 ι,
1437 720 1453 742 ,
1477 692 1507 734 6

1410 749 1633 813 Amplius
1666 750 1741 815 (h.
1758 766 1803 798 e.
1835 753 2013 817 majus)
2052 754 2163 803 Sic:
2196 756 2413 821 Amplius

1347 813 1523 862 bellum
1554 814 1607 871 ii,
1630 819 1680 871 7,
1702 819 1735 864 3
1767 817 1899 865 nefas
1929 818 1992 875 iv,
2018 822 2064 875 1,
2086 823 2119 869 4

1411 877 1588 941 Ample
1629 894 1794 927 sonare
1832 880 2065 945 (amplum
2105 890 2155 931 et
2190 898 2411 949 magnum

1344 956 1519 989 nomen
1540 944 1713 991 habers
1743 943 1810 1001 iv,
1827 949 1876 1000 2,
1895 950 1958 994 66
2025 945 2245 1012 Amplius
2275 951 2350 1014 (h.
2365 966 2416 1000 e.

1344 1004 1469 1069 plus,
1492 1006 1667 1071 magis)
1704 1006 1816 1055 Sic:
1838 1007 2057 1071 Amplius
2075 1012 2249 1061 audere
2270 1028 2414 1077 quam

1345 1070 1568 1133 congredi
1623 1070 1658 1128 i,
1692 1076 1771 1129 14,
1817 1077 1841 1121 1
1908 1071 2127 1137 Amplius
2188 1078 2413 1141 suspicari

1343 1132 1550 1199 aliquem
1566 1135 1707 1199 q'uam
1728 1136 1791 1183 sit
1820 1137 1855 1193 i,
1875 1142 1957 1195 18,
1981 1143 2013 1188 8
2060 1138 2177 1187 nihil
2197 1139 2413 1207 Amplius

1344 1214 1487 1262 quam
1510 1200 1587 1263 (h.
1617 1214 1661 1247 e.
1688 1207 1885 1248 tantum.
1918 1202 1998 1250 Sic
2028 1204 2221 1252 Sueton.
2240 1206 2417 1255 Claud:

1341 1268 1553 1375 {sagitt}
1596 1263 1759 1377 ga²b8
1778 1280 1885 1392 ‹331›-
1924 1271 2003 1317 19.
2068 1267 2177 1317 Tito
2214 1284 2338 1335 cap-⁴
2358 1274 2411 1320 9.

1564 1344 1593 1374 ¹
1650 1362 1663 1384 ι
1752 1362 1765 1383 2

1406 1390 1665 1454 Amplexus
1686 1394 1937 1441 amicorum
1972 1394 2037 1451 iv,
2057 1400 2107 1452 2,
2128 1400 2190 1446 71

1408 1454 1669 1517 amputare
1688 1456 1891 1505 sarcinas
1922 1458 1997 1520 (h.
2020 1474 2062 1506 e.
2098 1460 2327 1526 adimere)
2360 1462 2411 1519 ii,

1343 1519 1426 1575 18,
1465 1523 1528 1567 10
1594 1519 1755 1583 (Idem
1806 1522 1921 1570 fecit
1952 1520 2239 1583 Alexander,
2281 1526 2411 1589 apud

1343 1580 1556 1629 Curtium
1588 1584 1657 1641 vi,
1678 1588 1729 1639 6,
1753 1585 1843 1647 14)

1405 1646 1626 1694 Amulius
1658 1647 1691 1703 i,
1717 1651 1765 1703 1,
1788 1653 1821 1697 4

1407 1710 1521 1770 An3
1542 1711 1737 1758 dubium
1760 1727 1851 1759 an:
1876 1713 1983 1761 vide
2006 1714 2217 1763 Dubium

1405 1775 1535 1831 Ana,
1560 1774 1611 1821 fl.
1642 1774 1711 1833 iii,
1732 1780 1815 1830 22.
1840 1780 1872 1825 7

1407 1838 1601 1901 Anceps
1618 1840 1743 1888 scies
1775 1841 1844 1897 iii,
1866 1844 1950 1898 22,
1972 1846 2002 1889 6
2052 1842 2225 1891 bellum
2272 1844 2335 1901 iv,
2357 1849 2410 1902 2,

1341 1904 1408 1951 26
1441 1904 1683 1952 contentio
1716 1904 1750 1959 i,
1774 1908 1825 1961 3,
1847 1910 1879 1954 4
1912 1906 2123 1969 praelium
2154 1908 2220 1966 iv,
2240 1912 2292 1966 2,
2312 1912 2379 1959 78

1407 1965 1672 2015 Ancharius
1703 1968 1772 2025 iii,
1790 1974 1873 2028 21,
1899 1974 1961 2020 16

1407 2029 1599 2079 Ancilis
1635 2031 1668 2089 i,
1691 2036 1741 2089 2,
1764 2037 1795 2081 8

1407 2095 1571 2143 Ancus
1594 2094 1805 2144 Marcius
1839 2095 1871 2153 ἰ,
1892 2101 1944 2154 4,
1970 2101 1995 2146 1

1407 2158 1669 2207 Andriscus
1700 2159 1753 2217 ii,
1778 2164 1859 2217 14,
1881 2163 1913 2209 3

1406 2224 1591 2285 Anguis
1628 2224 1849 2271 Lernoeus
1882 2225 1917 2281 i,
1946 2228 2029 2281 18,
2068 2229 2131 2275 19
2196 2226 2411 2339 Agfues.

1341 2286 1516 2334 obtrito
1536 2286 1710 2351 capite,
1744 2294 2025 2353 postremum
2047 2290 2201 2338 cauda
2294 2306 2411 2339 nan-

1342 2357 1875 2530 ‘Zssssuifistnaffim
1930 2416 2000 2476 iii,
2036 2423 2120 2475 20,
2145 2423 2207 2471 ιι
2258 2419 2413 2468 Inna

1337 2495 1368 2526 u
1427 2495 1529 2526 mus
1565 2495 1617 2537 ιι,
1674 2515 1689 2536 ,

1400 2543 1600 2592 Anicius
1620 2551 1789 2606 pretor
1820 2545 1871 2600 ii,
1889 2550 1970 2602 18,
1990 2550 2018 2594 1

1399 2606 1578 2654 Anima
1598 2607 1781 2670 imperii
1796 2605 2049 2672 imperator
2076 2609 2141 2666 iv,
2155 2614 2205 2667 3.
2220 2616 2255 2660 6
2292 2610 2412 2659 Ani-

1335 2686 1424 2719 mae
1445 2671 1765 2719 immortalitas
1798 2671 1862 2729 iv,
1878 2677 1930 2729 2,
1948 2677 2010 2723 71
2048 2672 2223 2722 Anima
2244 2676 2413 2723 amissa

1335 2751 1394 2783 co
1482 2751 1529 2782 re
1552 2736 1707 2783 locum
1730 2743 1887 2798 tegere
1919 2737 1983 2794 iv,
2001 2741 2048 2793 1,
2074 2742 2135 2788 12

1455 2798 1927 2863 nimadvertere(pro
1960 2799 2151 2866 punire)
2184 2800 2249 2860 ir,
2275 2807 2323 2860 1,
2346 2807 2411 2852 10

1337 2865 1386 2912 in
1407 2863 1615 2928 aliquem
1651 2863 1720 2921 iii,
1743 2867 1826 2920 21,
1848 2868 1913 2913 28

1397 2927 1879 3042 ¹Antiuia-liaoqguzdam
1899 2941 2071 2991 aquam
2087 2935 2138 2976 et
2154 2937 2319 2979 terram
2336 2931 2411 2979 in·

1336 3010 1396 3043 co
1416 3007 1478 3039 un
1535 3006 1602 3049 ιιι,
1661 3029 1675 3050 ,
2327 3015 2340 3032 ·-

1379 3057 1673 3104 ·Animosior
1690 3056 1903 3105 cladibus
1923 3057 2201 3105 Samnitium
2218 3071 2339 3123 ‘gens
2371 3060 2409 3117 i,

1401 3187 1605 3233 Animus
1622 3185 1914 3234 Mithridatis
1926 3187 2061 3233 malis
2076 3195 2243 3236 auctus
2274 3187 2343 3245 iii,
2358 3193 2411 3245 6,

1336 3253 1402 3299 20
1468 3249 1645 3297 Animo
1690 3250 1936 3314 presagire
1998 3251 2178 3316 aIIquid
2214 3275 2219 3282 ·
2244 3253 2318 3317 (h.
2366 3269 2411 3300 e.

1335 3323 1495 3362 mente
1531 3313 1813 3388 proevidere)
1848 3315 1880 3372 i,
1910 3319 1960 3372 4,
1994 3320 2026 3366 2
2092 3315 2255 3365 Animi
2290 3317 2412 3364 fera-

1337 3395 1438 3426 rum
1475 3378 1749 3428 Insubribus
1781 3379 1833 3436 xi,
1868 3383 1920 3436 4,
1955 3385 1977 3428 1
2031 3379 2193 3427 Animi
2216 3380 2411 3428 mobiles

1335 3442 1544 3492 facinore
1564 3443 1831 3506 obligantur
1862 3444 1897 3500 i,
1919 3447 1970 3499 9,
1997 3448 2021 3492 1
2057 3442 2259 3490 Animus
2296 3445 2411 3508 (pro

1371 3509 1605 3564 rudentis,
1628 3515 1757 3556 recto
1791 3505 2017 3568 consilio)
2048 3506 2103 3562 ii,
2128 3511 2207 3563 17,
2226 3511 2257 3555 8
2304 3508 2411 3618 (grie

1334 3603 1356 3620 .
1395 3589 1481 3621 ens
1502 3581 1575 3620 est
1588 3571 1717 3634 apud
1735 3569 1920 3616 Livium
1955 3569 2081 3625 xxvi,
2106 3574 2189 3626 11,
2211 3568 2289 3635 4).
2378 3587 2408 3620 o

1333 3637 1525 3692 fiducia,
1542 3634 1765 3682 audacia:
1790 3631 2015 3680 Animum
2036 3641 2243 3681 nostrum
2262 3635 2311 3682 in
2332 3651 2409 3684 so-

1335 3700 1420 3748 ciis
1441 3698 1679 3762 perdimus
1710 3697 1775 3754 iv,
1796 3701 1847 3753 2,
1873 3701 1955 3746 29.
1986 3698 2053 3754 ir,
2075 3702 2124 3756 7,
2141 3702 2222 3748 14.
2286 3699 2413 3749 Auis

1333 3764 1397 3810 mi
1431 3765 1543 3827 (pro
1577 3759 1760 3823 spiritu,
1804 3761 2023 3825 superbia
2082 3763 2192 3812 Sic:
2226 3771 2413 3814 tantum

1332 3827 1593 3874 animorum
1645 3824 1713 3882 iii,
1774 3829 1855 3882 16,
1899 3829 1927 3875 1
2077 3827 2089 3840 ’
2140 3843 2193 3876 os
2246 3829 2410 3879 tollere

1331 3891 1609 4002 §utrumque
1630 3889 1882 3953 significat,
1915 3900 1967 3940 et
2003 3892 2245 3941 audaciam
2274 3894 2411 3943 alteri

1353 3971 1505 4014 acere,
1549 3961 1603 4002 ut
1631 3953 1668 4010 i,
1690 3958 1740 4011 8,
1763 3958 1812 4003 7.
1860 3957 1990 4018 apud
2030 3955 2161 4020 virg.
2192 3957 2311 4005 AEn.
2340 3957 2409 4014 ix,

1337 4025 1448 4072 127.
1482 4027 1533 4068 et
1562 4035 1610 4076 x,
1632 4023 1747 4068 278.
1794 4027 1846 4067 ct
1879 4020 2033 4085 ipsum
2054 4035 2238 4083 capere,
2278 4028 2331 4067 ut
2367 4022 2404 4078 i,

1336 4089 1418 4141 11,
1454 4090 1501 4134 1.
1552 4091 1602 4132 et
1630 4083 1761 4146 apud
1796 4083 1983 4133 Livium
2018 4083 2053 4140 i,
2076 4089 2159 4141 ⁸2,
2183 4088 2231 4132 8.
2274 4087 2406 4147 quod

1333 4149 1535 4197 Animos
1554 4148 1731 4226 erissere
1753 4149 1873 4196 dixit
1904 4148 1971 4206 ἰν,
1988 4153 2037 4205 9,
2056 4152 2105 4196 8.
2127 4149 2311 4198 Animis
2330 4149 2405 4198 in·

1335 4214 1553 4280 gentibus
1570 4213 1725 4262 efleni
1756 4213 1825 4269 iii,
1846 4219 1895 4270 6,
1918 4212 1977 4276 8)

1400 4277 1609 4327 Annales
1642 4276 1677 4335 i,
1700 4280 1781 4335 10,
1803 4281 1850 4326 3.
1884 4277 1917 4332 i,
1938 4281 2018 4333 12,
2046 4280 2102 4325 11
