2910 4693
479 281 668 350 1138·
1211 303 1308 350 nn
1353 303 1761 360 censemus
1808 306 1967 356 uss.

565 451 770 520 Num.
801 449 998 520 3oe4.
1061 450 1198 519 Hs.
1227 453 1645 536 splendidus,
1688 453 2129 534 illuminatus,
2182 459 2251 522 in
2294 458 2491 536 folio,
2542 479 2701 526 con·

476 554 730 618 tineus·
773 553 834 618 1.
864 554 1004 618 Titi
1029 553 1194 640 (scr.
1216 555 1404 632 Tito)
1434 557 1625 621 Livii.
1646 558 2009 622 Pathavini
2028 559 2119 622 de
2151 561 2349 626 Bello
2372 561 2705 626 Macedo-

473 657 674 722 nico.
719 656 786 720 2.
817 657 898 720 L.
937 655 1186 722 Annaei
1225 659 1408 722 Flori
1443 659 1627 723 Hist.
1666 658 1819 724 Lib.
1854 675 1991 724 nn:
2034 662 2099 725 3.
2138 661 2503 744 Epitomen
2536 679 2695 726 xiv,

479 755 1142 834 Decad.11ivii,aine
1169 759 1370 836 notia,
1385 761 1747 824 membran.
1778 759 1895 824 fol.
1924 779 2085 826 soec.
2117 779 2247 826 xv.

563 860 636 926 N
637 879 768 926 um.
795 859 992 925 4793.·
1053 861 1208 926 cod.
1251 862 1543 926 chartac.
1591 881 1751 928 saec.
1786 877 1919 926 xv.
1960 863 2102 946 qui,
2126 884 2289 928 cum
2322 865 2693 952 Eutropio,

476 963 768 1027 continet
799 959 1086 1028 Florum.

563 1063 766 1128 Num.
785 1064 981 1129 5292.
1029 1063 1269 1129 Annaei
1295 1065 1481 1131 Flori
1506 1066 1906 1150 Epithomes
1932 1066 2017 1131 de
2032 1067 2195 1133 'rito
2219 1067 2423 1132 Livio
2448 1069 2573 1133 lib.
2598 1085 2691 1132 η’.

471 1165 670 1232 —Im
697 1166 968 1232 titulun:
1013 1167 1308 1231 continet
1331 1187 1513 1246 vero,
1544 1189 1679 1234 non
1708 1171 2042 1254 epitomen
2074 1171 2453 1246 Livianam,
2490 1171 2691 1235 Floro

463 1269 852 1351 ascriptam,
867 1267 986 1331 sed
1007 1269 1228 1350 ipsius
1249 1269 1430 1333 Flori
1458 1267 1853 1348 Historiam,
1876 1268 2019 1334 sine
2042 1271 2267 1335 solitis
2294 1271 2377 1335 P.
2396 1271 2691 1336 Diaconi

473 1371 586 1434 vel
617 1369 897 1434 aliorum
929 1369 1421 1434 additamentis·

561 1471 770 1535 Num.
799 1469 992 1535 5438.
1037 1470 1186 1534 cod.
1211 1471 1571 1534 membran.
1602 1491 1763 1535 saec.
1800 1487 1929 1535 XV.
1958 1475 2345 1553 continenS,
2366 1492 2511 1538 una
2540 1494 2687 1538 cum

475 1569 821 1635 Ciceronis
887 1577 1052 1635 orat.
1114 1575 1342 1635 contra
1411 1569 1798 1648 Catilinam,
1864 1581 1929 1636 et
1991 1593 2297 1659 respons.
2344 1573 2691 1651 Catilinae,

463 1673 844 1758 (orationes
873 1672 1202 1750 fictitias)
1233 1671 1308 1736 L.
1339 1669 1585 1738 Annaei
1617 1671 1802 1738 Hist.
1836 1675 2033 1738 Rom.
2056 1675 2578 1763 compendium.

561 1773 650 1836 Et
683 1775 751 1836 hi
803 1779 956 1836 sunt
1014 1793 1252 1836 omnes
1290 1772 1565 1837 codices
1619 1773 1809 1838 Flori
1856 1777 1925 1838 in
1978 1777 2226 1840 Museo
2278 1779 2688 1854 Britannico,

470 1875 604 1939 nisi
658 1873 809 1958 quis
862 1875 1068 1939 vellet
1124 1877 1514 1939 intertexere
1561 1875 1879 1956 quoedam
1924 1897 2125 1941 manu
2172 1879 2460 1960 scripta,
2510 1900 2683 1942 num.

470 1977 664 2041 3371.
688 1977 855 2039 inter
883 1976 1078 2040 codd.
1104 1997 1234 2040 non
1263 1976 1658 2060 descript08‚
1686 1983 1761 2040 ut
1791 1984 2131 2057 vocantur,
2161 1999 2423 2061 nempe,
2456 1979 2686 2044 Anno-

473 2077 762 2142 tationes
793 2097 836 2142 a
863 2075 1192 2158 Magistro
1222 2077 1268 2142 J
1271 2095 1481 2141 oanne
1516 2077 1706 2141 Raio
1747 2080 2039 2160 quodam
2071 2081 2437 2160 dictitataS,
2490 2089 2560 2147 et
2602 2085 2683 2146 ab

463 2179 619 2262 -ejus
649 2179 991 2261 discipulo
1021 2197 1282 2240 summa
1297 2197 1465 2241 cum
1496 2179 1823 2242 industria
1850 2182 2165 2263 scriptaS,
2198 2181 2283 2245 A.
2312 2184 2402 2246 D.
2433 2184 2627 2248 1613.

1189 2399 1243 2463 C
1245 2398 1397 2464 ode-r
1431 2398 1639 2465 Canta
1647 2399 1985 2485 brigiensis.

565 2570 648 2635 In
683 2562 1084 2633 Bibliotheca
1116 2564 1390 2630 Publica
1418 2568 1645 2633 nullus
1674 2566 1861 2631 Flori
1888 2568 2115 2633 codex
2140 2576 2397 2635 restat:
2448 2578 2521 2635 et
2548 2573 2691 2655 qui·

477 2674 654 2750 dem,
683 2670 752 2733 ni
772 2670 1084 2745 fallimur,
1107 2670 1330 2733 nullus
1357 2668 1424 2731 in
1449 2668 1904 2749 colleg-iorum
1932 2669 2367 2735 bibliothecis
2392 2681 2693 2736 servatur

483 2780 729 2858 praeter
758 2792 960 2836 unum
986 2772 1058 2834 in
1097 2768 1256 2833 Coll.
1281 2768 1471 2854 Corp.
1491 2768 1752 2848 Christi,
1772 2772 2065 2852 quicum
2094 2773 2184 2835 ob
2204 2772 2344 2835 alia
2368 2773 2693 2837 historica

478 2875 926 2941 aestimandus
954 2880 1256 2950 est,‘tum
1285 2874 1494 2956 quod,
1524 2893 1675 2937 cum
1694 2874 1897 2937 ceteri
1918 2874 2107 2937 Flori
2134 2874 2413 2939 codices
2439 2875 2693 2941 Britan·

465 2976 612 3049 αἰεὶ
639 2995 770 3046 nen
795 2981 950 3041 sunt
965 2974 1164 3039 valde
1191 2975 1470 3058 antiqui,
1492 2974 1605 3041 bic
1632 2983 1741 3039 est
1766 2974 2293 3057 antiquissimus,

1250 3174 1505 3251 Codices
1540 3174 1927 3243 oxonienses.

568 3344 898 3411 Notitiam
941 3344 1258 3411 codicum
1311 3351 1759 3431 sequentium,
1788 3348 1906 3431 qui
1952 3347 2025 3410 in
2070 3342 2467 3409 Bibliotheca
2513 3341 2681 3408 Bod-

473 3448 687 3515 leiano
716 3452 1007 3525 manent,
1037 3448 1314 3532 benigne
1361 3452 1715 3516 nobiscum
1746 3448 2265 3513 communicavit
2293 3447 2681 3512 Alexander

477 3553 547 3618 N
551 3551 732 3631 icoll,
791 3550 973 3616 Bibl.
1019 3550 1220 3614 Bodl.
1272 3550 1707 3633 dignissimus
1754 3548 2315 3633 Sub-praefectus,
2362 3569 2563 3631 quam
2612 3550 2677 3611 in

471 3654 622 3736 ejus
652 3654 869 3735 ipsius
897 3652 1122 3715 verbis
1149 3652 1384 3715 lectori
1415 3651 1676 3714 damus.

570 3752 764 3816 1243.
835 3748 1043 3816 Laud.
1095 3748 1245 3816 Lat.
1290 3751 1394 3816 58.
1447 3750 1651 3815 Auct.
1704 3750 1783 3816 C.
1826 3751 1943 3815 inf.
2010 3752 2090 3818 L.
2143 3750 2335 3816 Flori
2382 3750 2679 3817 Historia

475 3850 723 3947 Rerum
756 3851 1212 3918 Romanarum
1231 3854 1417 3919 libris
1447 3860 1753 3937 quatuor.
1798 3852 2043 3919 Codex
2067 3858 2387 3917 exaratus
2405 3874 2467 3917 a.
2484 3851 2679 3929 1453,

473 3954 810 4036 scriptura
833 3954 1102 4031 Italica,
1135 3975 1370 4037 parum
1399 3956 1713 4037 eleganti,
1742 3956 2259 4047 inmembraniS,
2288 3954 2359 4018 in
2392 3962 2651 4038 quarto.

560 4054 752 4123 2178.
798 4054 1003 4120 Auct.
1037 4054 1116 4119 F.
1147 4058 1209 4119 5.
1239 4058 1302 4119 9.
1371 4057 1450 4123 L.
1486 4055 1732 4123 Annaei
1764 4056 1949 4121 Flori
1982 4056 2321 4125 Historiae
2354 4054 2681 4121 Romanae
