2910 4693
458 278 591 349 588

460 440 654 489 serant.
702 434 835 485 Inde
857 446 1070 485 annona
1092 434 1295 485 caritas.
1362 434 1524 499 Cujus

456 512 694 564 levanda
716 512 886 576 gratia
914 506 1229 562 frumentum
1252 511 1419 575 primo
1452 524 1522 561 ex

458 588 672 639 Etruria
710 587 869 651 venit,
904 600 1007 652 quo
1048 586 1197 651 plebs
1230 591 1524 637 sustentata

459 674 557 719 est.
624 665 829 716 Deinde
850 670 909 715 et
930 679 997 713 ex
1021 664 1196 714 Sicilia
1226 678 1415 729 magna
1447 664 1524 715 vis

457 742 701 795 frumenti
722 742 961 791 advecta.
1016 741 1135 793 Quo
1158 746 1392 805 tempore
1416 740 1523 804 agi·

458 827 627 870 tatum
648 818 701 868 in
724 822 907 868 senatu
930 816 1139 877 dicitur,
1160 816 1345 882 quanti
1381 817 1522 881 plebi

458 898 673 947 daretur
708 894 1039 945 frumentum.
1106 892 1225 943 Hoc
1262 892 1524 943 faciebant

461 974 527 1026 ad
563 972 764 1038 plebem
796 969 1153 1035 premendam,
1174 975 1252 1030 ut,
1272 967 1371 1019 hac
1392 968 1523 1032 inju-

460 1055 539 1103 ria
576 1058 778 1113 coacta,
813 1052 903 1114 jus
960 1048 1238 1113 pristinum
1285 1047 1524 1112 patribus

459 1127 725 1191 redderet,
764 1124 903 1191 quod
951 1125 1244 1175 secessione
1290 1128 1526 1173 extorse-

460 1211 595 1268 rant,
614 1202 913 1255 conditione
938 1201 1116 1253 oblata
1136 1200 1345 1250 laxandi
1368 1214 1524 1250 anno-

464 1294 598 1330 nam.
666 1279 802 1327 Tum
834 1277 1003 1341 plebis
1036 1276 1273 1325 inimicus
1296 1274 1524 1325 Coriola-

465 1372 579 1417 nus,
602 1357 655 1405 in
686 1354 941 1414 oratione,
960 1366 1114 1416 quam
1146 1349 1325 1400 babuit
1358 1350 1409 1399 iu
1444 1363 1524 1399 se-

460 1440 607 1496 natu,
648 1432 787 1481 inter
837 1428 957 1487 alia,
1000 1427 1111 1476 baec
1154 1425 1317 1475 verba
1360 1423 1522 1476 fecit:

457 1509 475 1537 ⁴
499 1508 681 1559 Audeo
702 1507 897 1563 dicere,
916 1504 1012 1553 hoc
1036 1502 1171 1553 malo
1202 1501 1422 1553 domitos
1444 1502 1524 1566 ip·

460 1600 541 1635 sos
596 1582 771 1648 potius
824 1582 1054 1631 eultores
1105 1592 1345 1643 agrorum
1388 1576 1523 1640 fore,

460 1675 612 1726 quam
638 1668 695 1709 ut
714 1657 899 1707 armati
934 1670 1031 1722 per
1060 1656 1400 1705 secessionem
1424 1656 1526 1705 coli

460 1733 803 1801 prohibeant.'
873 1733 1006 1783 Indo
1045 1732 1242 1782 Noster
1278 1732 1375 1782 hoc
1405 1732 1524 1783 loco

461 1812 634 1875 posuit
647 1828 675 1871 z,
698 1809 1017 1873 Coriolanum,
1034 1809 1184 1859 colere
1202 1822 1345 1871 agros
1353 1808 1526 1869 jaben-

460 1892 573 1937 ειη.
630 1886 789 1937 Saltu.
886 1886 1051 1935 Colere
1089 1899 1236 1947 agros
1256 1883 1525 1947 jubentem]

463 1962 617 2016 Quod
652 1976 747 2025 per
778 1961 1059 2011 seditiones
1080 1960 1267 2025 primo,
1302 1960 1441 2025 (Liv.
1475 1964 1527 2023 2,

462 2043 547 2101 34⁸,
565 2034 642 2102 2.)
675 2052 795 2087 mox
829 2036 1186 2087 frumentarias
1210 2037 1530 2101 largitiones,

461 2113 815 2165 omittebatur.
880 2113 977 2165 Cui
1013 2114 1289 2177 posteriori
1318 2128 1528 2165 causam

463 2192 721 2255 neglecte
744 2192 1075 2255 agricultum
1106 2190 1321 2241 Tacitus
1346 2191 1528 2254 etiam,

466 2272 549 2329 12,
585 2270 668 2317 ⁴³.
710 2267 967 2330 imputat:
1022 2273 1081 2317 et
1126 2267 1393 2331 Augustus
1439 2283 1525 2332 ap.

462 2344 609 2395 Suet.
636 2343 687 2392 in
709 2342 852 2405 Vita,
874 2358 991 2406 cap.
1014 2348 1099 2394 42.
1155 2344 1244 2394 Fr.

530 2420 633 2469 Nec
664 2419 841 2482 minus]
888 2421 1031 2470 Male
1068 2420 1259 2472 fecisse
1300 2421 1526 2473 Coriola-

464 2507 584 2543 num
597 2493 803 2557 judicat
820 2494 927 2544 Cic.
964 2495 1119 2558 Num,
1136 2497 1153 2524 ⁴
1172 2502 1231 2546 ut
1254 2506 1526 2560 parentum

465 2570 687 2631 saevitia,
722 2569 797 2620 sic
843 2571 1053 2635 patrioe,
1092 2570 1305 2622 ferendo
1343 2587 1404 2622 ac
1440 2589 1529 2638 pa-

466 2645 638 2696 tiendo
660 2645 901 2696 lenienda
922 2647 1040 2696 est.'
1096 2647 1387 2700 Historiam
1410 2650 1528 2712 lege

464 2735 550 2784 ap.
573 2721 685 2771 Liv.
709 2727 760 2782 2,
776 2726 860 2784 39,
882 2725 980 2773 διο.
1014 2723 1230 2787 Dionys.
1252 2727 1301 2786 8,
1320 2729 1402 2787 12,
1424 2729 1528 2775 &c-

462 2799 579 2848 Val.
603 2799 680 2848 M.
702 2801 815 2861 5,4.
834 2803 880 2848 1.
918 2797 1001 2848 Ad
1024 2799 1177 2862 hujus
1198 2798 1337 2850 forte
1358 2815 1528 2850 exem-

463 2877 630 2940 plum,
651 2877 669 2904 ⁴
692 2875 926 2939 Populus
948 2876 1197 2938 Muciam,
1224 2876 1347 2926 Sex.
1372 2877 1530 2926 Pom·

465 2952 571 3016 peii
592 2957 830 3014 matrem,
848 2951 997 3001 minis
1020 2952 1214 3015 adogit,
1230 2959 1291 3002 ut
1312 2953 1528 3015 legatio-

462 3043 583 3078 nem
610 3027 677 3076 ad
698 3041 817 3076 eum
838 3026 1173 3089 susciperet?
1208 3026 1435 3090 Appian.
1460 3024 1528 3077 de

462 3102 581 3152 Bel.
609 3102 723 3152 Civ.
746 3101 901 3150 litus.
952 3101 1042 3158 Fr.

532 3176 645 3225 Nisi
665 3175 809 3238 quod]
844 3177 970 3237 Pro,
992 3176 1086 3226 sed
1116 3184 1307 3241 tamen,
1338 3193 1523 3228 verun-

466 3259 657 3313 tamen,
674 3255 734 3300 ut
754 3249 875 3304 infr.
898 3264 973 3301 tv.
994 3256 1043 3302 8.
1058 3257 1109 3302 a.
1132 3253 1233 3304 Sal.
1254 3253 1381 3317 Jug.
1396 3267 1527 3305 xcv,

461 3330 478 3357 ⁴
504 3327 629 3378 otio
651 3327 917 3382 luxurioso
936 3341 1084 3380 esse:
1128 3335 1301 3380 umen
1332 3329 1397 3380 ab
1436 3345 1528 3380 ne.

466 3405 618 3471 gotiis
662 3419 923 3468 nunquam
963 3405 1203 3469 voluptas
1248 3415 1527 3471 remorata,

462 3481 557 3532 nisi
580 3482 716 3548 quod
744 3481 811 3530 de
844 3494 1007 3531 uxore
1046 3483 1221 3545 potuit
1258 3481 1526 3532 honestius

404 3615 409 3622 ,
464 3561 698 3610 consum
732 3558 1066 3612 Vid.Riv.ad
1082 3560 1327 3623 Jugurth.
1347 3573 1524 3611 nxvu.

466 3641 519 3684 et
560 3636 820 3698 stewech.
860 3633 927 3685 de
967 3635 1168 3686 Partic.
1216 3635 1369 3699 Liug.
1405 3635 1525 3687 Lat.

460 3711 477 3738 ‘
503 3709 814 3760 Exarmare'
845 3712 1073 3776 proprie,
1096 3711 1250 3764 armis
1270 3713 1526 3775 spoliaret

460 3786 732 3848 translate,
766 3786 997 3838 adimere
1038 3787 1224 3852 omnia,
1256 3803 1376 3853 qum
1422 3787 1524 3838 vim

466 3861 687 3914 nocendi
706 3862 922 3924 babent,
934 3863 1194 3914 infirmum
1218 3878 1279 3916 ac
1295 3864 1523 3914 debilem

459 3938 681 3990 reddere
700 3955 716 3999 ς
748 3938 889 4004 quod
910 3939 1065 3989 variis
1086 3939 1253 3990 modis
1270 3939 1383 3990 fiori
1408 3949 1526 4004 pot·

458 4024 563 4068 est.
609 4015 729 4065 Vid.
768 4015 906 4066 Bnd.
944 4017 1011 4066 ad
1050 4017 1086 4067 l.
1127 4021 1175 4066 2.
1217 4017 1289 4068 D.
1306 4015 1375 4065 de
1396 4018 1526 4080 neg.

464 4091 633 4145 Rbod.
672 4091 739 4142 de
769 4091 901 4156 jact.
936 4099 993 4142 et
1029 4091 1211 4143 Barth.
1248 4091 1313 4148 nd
1336 4091 1523 4144 Claud.

462 4167 530 4220 de
553 4167 717 4224 Laud.
736 4167 901 4223 stilic.
924 4181 1010 4219 tn.
1034 4171 1149 4220 358.
1200 4167 1289 4220 Sic
1310 4182 1527 4231 exarma-

1167 292 1383 341 No‘rAE
1434 289 1832 341 VAluolum
1879 290 1962 340 ΙΝ

1594 440 1670 485 tos
1704 436 1842 487 vell.
1875 448 1937 487 u.
1975 438 2056 487 1⁷.
2095 434 2318 500 opponit
2353 434 2560 500 hamt·
2597 449 2672 486 ex

1596 512 1953 563 emendatione
1987 512 2060 563 N.
2097 512 2318 576 Heinsii,
2359 528 2520 579 quam
2553 528 2678 565 ree-

1599 594 1706 639 tam
1737 602 1852 638 esse
1929 594 2053 639 uto:
2085 590 2102 619 ‘
2123 589 2342 639 Romani
2382 589 2538 641 victis
2571 591 2676 641 ad-

1595 662 1854 729 flictisque
1875 602 1976 729 {psi
2005 666 2277 725 exarmati,
2297 680 2451 731 quam
2475 666 2676 731 integri

1597 740 1848 791 universis
1869 739 2138 791 civitatem
2171 740 2299 791 dare
2331 740 2678 791 maluerunt-⁹

1599 816 1740 866 Hinc
1761 816 1920 867 etiam
1947 831 2090 882 saepe
2127 832 2223 882 pro
2258 819 2518 883 mitigare,
2553 820 2678 881 pla-

1598 906 1738 953 care,
1761 907 2000 943 exorare.
2049 894 2269 945 Petron.
2305 910 2352 945 c.
2383 908 2468 945 cv.
2499 897 2516 924 ⁸
2539 894 2674 946 Jam

1599 967 1762 1019 Giton
1810 968 2032 1019 mirabili
2084 968 2248 1021 forma
2299 976 2677 1020 exarmaverat

1598 1049 1816 1094 nautas?
1847 1045 1952 1096 Ubi
1976 1046 2081 1097 vid.
2099 1046 2167 1097 cl.
2189 1048 2374 1097 Burm-

1663 1122 1710 1185 ς.
1735 1126 1768 1171 4
1813 1122 1912 1171 Sed
1933 1122 2010 1171 Ιιὶι·
2031 1122 2430 1186 melior-,obsessis
2447 1124 2500 1173 in
2521 1127 2676 1185 capta

1598 1196 1713 1247 urbe
1731 1198 1988 1261 consuluit]
2037 1200 2374 1250 correctores
2391 1198 2526 1263 sapit
2547 1198 2672 1249 liaee

1599 1275 1776 1325 lectio.
1840 1276 1956 1325 Nec
1980 1274 2119 1326 aliud
2155 1288 2282 1326 sane
2315 1275 2470 1324 datur
2503 1288 2674 1338 angu-

1599 1351 1724 1413 rari,
1745 1366 1896 1418 quam
1919 1352 1984 1401 ab
2005 1366 2184 1402 eorum
2215 1358 2508 1401 commento
2531 1362 2671 1401 esse.

1599 1424 1774 1477 Aliter
1795 1428 1990 1493 quippe
2011 1428 2266 1491 scriptum
2289 1428 2540 1478 exhibent
2561 1442 2674 1477 om-

1597 1505 1688 1555 nia
1709 1506 2048 1569 exemplaria,
2067 1505 2121 1554 iu
2138 1506 2338 1570 quibus,
2349 1512 2410 1555 ut
2425 1506 2478 1555 in
2497 1506 2672 1555 veteri

1599 1580 1846 1645 editione,
1883 1582 2064 1645 legere
2097 1587 2210 1632 est:
2269 1582 2372 1631 Hic
2411 1582 2582 1631 melior
2611 1580 2672 1629 in

1599 1662 1738 1721 coptu
1778 1656 1894 1708 urbe
1931 1658 2188 1708 msennit.
2269 1658 2411 1711 Quid
2466 1657 2570 1707 illis
2613 1658 2672 1705 in

1601 1740 1826 1783 mentem
1863 1732 2041 1796 fuerit,
2075 1734 2164 1797 qui
2195 1734 2272 1783 sie
2310 1740 2671 1795 mutaverunt,

1601 1821 1700 1858 non
1723 1807 1890 1858 video.
1957 1810 2092 1859 Nam
2124 1808 2251 1858 nihil
2281 1808 2550 1859 absurdius
2571 1816 2670 1859 aut

1601 1882 1849 1947 ineptius.
1897 1884 2018 1935 Non
2039 1885 2297 1935 consumit
2319 1886 2541 1935 obsessis
2565 1886 2668 1937 Ca·

1601 1960 1789 2024 millius,
1820 1960 1912 2009 sed
1951 1974 2068 2010 cum
2097 1961 2211 2023 jam
2243 1975 2370 2011 auro
2401 1974 2667 2011 recessum

1603 2048 1748 2086 suum
1787 2034 2144 2085 venditassent
2180 2034 2426 2097 Barbari,
2448 2036 2668 2100 jamque

1603 2111 1823 2161 Rotnani
1843 2110 2113 2161 obsidione
2148 2110 2358 2161 liberati
2391 2119 2568 2163 essent
2595 2124 2666 2161 ex

1577 2195 1779 2251 -pacto,
1803 2187 1940 2252 quod
1977 2202 2096 2237 cum
2133 2187 2302 2239 Gallis
2335 2186 2666 2250 pepigerant,

1601 2265 1902 2328 supervenit
1941 2263 2186 2313 Camillus
2241 2278 2422 2312 aurum
2467 2262 2666 2326 adpen-

1602 2338 1867 2403 dentibus,
1891 2344 1946 2388 et
1968 2338 2144 2389 statim
2168 2337 2440 2389 occasione
2463 2336 2590 2388 data
2611 2338 2668 2388 in

1601 2417 1855 2466 Barbaros
1877 2415 2052 2477 irruit,
2085 2428 2279 2479 eosque
2301 2414 2428 2464 urbe
2445 2413 2668 2478 expulit.

1601 2492 1708 2544 Sed
1729 2492 1932 2556 demus,
1949 2507 2066 2540 eum
2085 2492 2314 2542 obsessos
2333 2491 2666 2556 aliquatenus

1603 2569 1886 2632 adjuvisse,
1907 2567 2031 2632 quid
2050 2567 2151 2618 illis
2173 2567 2285 2631 fiet,
2301 2575 2392 2616 aut
2414 2581 2518 2631 quo
2537 2565 2668 2616 mse·

1601 2652 1800 2708 rentur,
1847 2661 1961 2711 quoe
2005 2652 2330 2710 sequuntur:
2388 2644 2406 2672 ‘
2429 2645 2500 2694 Et
2545 2657 2666 2692 mox

1601 2723 1865 2786 supplices
1885 2721 1952 2770 de
1974 2721 2124 2772 hoste
2145 2719 2307 2771 Gallo
2330 2716 2616 2768 vindicavit
2629 2717 2666 2766 ἓ·

1603 2797 1872 2850 Quomodo
1887 2798 2001 2848 hoec
2023 2795 2377 2861 exponemus?
2412 2795 2552 2848 Quid
2575 2795 2668 2858 igi-

1605 2879 1690 2922 tur
1743 2873 1858 2922 vult
1913 2873 2113 2936 scripta
2163 2872 2389 2922 lectione
2431 2870 2666 2924 Auctor?

1603 2949 1753 3010 Hoc;
1801 2950 1900 3000 nisi
1941 2949 2112 3000 fallor.
2191 2951 2363 3011 Dixit,
2405 2950 2668 3014 principes

1601 3026 1913 3075 clarissimos
1971 3027 2191 3091 aliquot,
2249 3027 2339 3089 qui
2404 3026 2666 3076 adversati

1601 3106 1754 3150 erant
1783 3100 2036 3150 voluntati
2069 3100 2255 3164 plebis,
2287 3099 2448 3151 exilio
2479 3101 2667 3152 multa-

1601 3183 1684 3226 tos
1704 3190 1838 3226 esse.
1905 3178 2054 3226 Duos
2085 3183 2326 3226 recenset
2345 3177 2667 3238 nominatim,

1601 3251 1934 3302 Coriolanum
1951 3259 2008 3302 et
2029 3253 2320 3314 Camillum,
2339 3254 2430 3317 qni
2451 3253 2506 3302 id
2531 3254 2664 3316 passi

1599 3327 1720 3377 sint.
1786 3329 1859 3376 Et
1889 3328 2220 3378 Coriolanum
2244 3330 2470 3394 quidem,
2499 3337 2562 3378 ut
2595 3329 2666 3378 in·

1589 3403 1780 3467 jurium
1803 3403 2114 3467 vindicaret,
2141 3418 2286 3454 arma
2318 3406 2506 3468 patria
2533 3404 2666 3455 intu-

1597 3482 1740 3546 lisse,
1764 3497 1917 3545 quem
1959 3481 2046 3531 vix
2085 3488 2254 3532 mater
2285 3481 2528 3546 lacrymis
2564 3483 2665 3532 suis

1599 3559 1964 3609 exarmaverit.
2000 3557 2073 3610 At
2092 3558 2362 3607 Camillum
2381 3557 2666 3622 meliorem,

1599 3635 1930 3686 consenuisse
1951 3635 2006 3685 in
2038 3641 2196 3699 capta
2215 3649 2246 3684 a
2267 3649 2324 3684 se
2345 3633 2497 3698 urbe,
2519 3637 2662 3686 Veiis

1599 3725 1805 3774 nempe,
1828 3725 1930 3776 quo
1949 3710 2215 3760 exulatum
2239 3718 2592 3772 concesserat,
2611 3717 2664 3760 et

1599 3788 1738 3838 unde
1761 3795 1942 3850 postea
1965 3793 2138 3838 umen
2161 3785 2301 3836 ultor
2327 3786 2434 3835 suis
2467 3785 2662 3837 civibus

1599 3863 1832 3928 advenit,
1855 3879 1983 3928 quos
2015 3864 2080 3914 de
2119 3865 2270 3916 hoste
2311 3865 2468 3916 Gallo
2505 3864 2664 3914 vindi-

1597 3939 1756 3991 cavit.
1821 3941 2064 3991 Ceterum
2085 3942 2228 4007 quod
2265 3943 2362 4005 ait,
2389 3942 2660 3993 Camillum

1599 4015 1652 4064 in
1689 4024 1844 4081 captu
1881 4017 2013 4066 urbe
2053 4020 2408 4080 consenuisse,
2450 4031 2557 4070 non
2599 4019 2660 4067 ad

1598 4105 1792 4142 moram
1817 4099 1910 4142 aut
1929 4092 2140 4157 longum
2179 4101 2386 4157 tempus
2407 4093 2662 4148 exulatio-

1597 4168 1678 4220 nis
1719 4165 2050 4223 referendum
2093 4175 2192 4234 est,
2221 4167 2314 4220 sed
2347 4169 2664 4233 moestitiam,
