2910 4693
510 274 641 339 592

577 432 709 481 Cur.
754 434 819 479 24
882 428 1123 480 Secunde
1148 468 1155 475 .
1176 429 1439 481 discordia
1491 443 1575 478 sc·

509 507 643 557 cidit
678 506 743 557 A.
779 508 895 555 802.
934 504 1001 553 ab
1042 505 1108 553 U.
1126 505 1186 554 C.
1232 506 1373 569 Lege
1412 503 1573 554 Solin.

510 598 629 647 cap.
660 586 709 631 2.
754 581 944 631 Euseb.
980 580 1097 630 Lib.
1133 581 1314 644 Temp.
1353 582 1572 645 Eutrop.

510 661 559 707 1.
582 660 662 705 12.
697 655 914 717 Dionys.
937 654 1087 718 dicit,
1126 655 1337 719 Olymp.
1352 658 1439 705 82.
1471 655 1571 705 hoc

506 739 609 796 est,
624 732 769 783 annis
787 732 854 784 ab
872 730 938 781 Α.
948 732 1014 781 U.
1026 734 1139 781 800.
1152 732 1391 795 expletis.
1427 734 1571 796 Lege

508 810 702 873 ipsum,
738 813 816 857 11.
855 812 954 869 81.,
990 810 1089 856 διο.
1124 808 1238 857 Liv.
1261 812 1308 857 8.
1330 811 1434 869 44.,
1471 811 1571 859 &c-

508 888 625 936 Vsl.
648 887 725 935 M.
746 890 795 935 6.
818 890 867 947 1,
886 888 937 934 8.
958 882 1115 934 Anct.
1130 884 1197 932 de
1216 885 1328 933 Vir.
1354 883 1439 932 nl.
1455 897 1571 947 esp.

509 966 593 1011 21.
617 962 769 1011 Oros.
786 963 834 1008 7.
856 963 933 1009 18.
966 958 1241 1023 Angustin.
1276 958 1391 1009 Civ.
1414 962 1464 1009 8.
1489 963 1550 1009 17
1557 994 1570 1008 .

514 1038 650 1086 Cons-

460 1094 469 1103 ¹
574 1114 621 1176 ᾧ.
634 1116 657 1161 1
681 1110 941 1161 Duodecim
951 1109 1073 1173 tab-J
1091 1110 1177 1159 De
1192 1108 1570 1161 DuodemTab.

508 1187 737 1253 qnando,
774 1194 832 1237 et
851 1203 884 1237 s
904 1202 1005 1252 quo
1028 1186 1204 1249 editae,
1228 1186 1445 1249 Dionys.
1483 1185 1570 1235 ubi

508 1278 651 1328 supr.
676 1262 849 1328 Agell.
888 1262 980 1312 lib.
1006 1266 1085 1311 17.
1109 1276 1224 1325 cap.
1263 1262 1361 1311 ult.
1384 1268 1439 1311 et
1477 1260 1568 1311 lib.

507 1342 590 1388 20.
614 1352 733 1403 cap.
758 1343 808 1388 1.
838 1338 1131 1402 Saepissime
1152 1338 1371 1387 habetur
1392 1352 1571 1389 earnm

508 1414 705 1465 mentio
726 1414 779 1463 in
802 1414 943 1464 libris
974 1414 1329 1477 Digestorum,
1366 1413 1571 1475 signen-

510 1498 593 1541 ter
631 1492 714 1541 tit.
750 1490 817 1540 de
858 1490 927 1539 0.
961 1489 1016 1541 J.
1056 1489 1213 1539 Plura
1244 1489 1568 1540 Fenestella:

508 1567 591 1617 tit.
612 1571 693 1617 29.
762 1566 985 1630 Scriptae
1032 1573 1208 1616 entem
1254 1564 1468 1617 fuerunt
1503 1566 1570 1617 sb

506 1642 836 1693 Hermodoro
854 1642 1095 1707 Ephesio,
1114 1642 1257 1705 cujus
1276 1649 1451 1693 status
1468 1641 1571 1693 fnit

508 1720 691 1769 Romae
714 1718 767 1769 in
789 1718 1029 1769 Comitio.
1095 1718 1302 1769 Auctor
1328 1718 1464 1769 Pliu.
1485 1722 1566 1769 84.

509 1802 559 1846 5.
592 1798 669 1847 Μ.
737 1796 988 1861 Reliquias
1026 1796 1225 1861 Legum
1245 1809 1346 1848 ιιιι.
1381 1795 1570 1847 Tabul.

510 1888 543 1923 ιι
572 1872 749 1921 multis
782 1878 1063 1935 congesta,
1098 1878 1155 1921 et
1188 1872 1570 1924 commentariis

506 1948 783 1999 iilustratae
806 1953 944 1995 sunt.
1005 1946 1112 1995 Sed
1130 1960 1261 1997 unns
1278 1947 1441 1998 instar
1463 1962 1571 1997 om-

508 2023 652 2072 nium
674 2035 787 2072 esse
809 2028 985 2085 potest
1010 2022 1105 2070 Vir
1138 2035 1382 2084 summus,
1420 2030 1478 2071 et
1510 2022 1568 2072 li·

508 2104 739 2148 terarum
772 2094 1145 2158 humaniorum,
1177 2110 1239 2147 sc
1268 2097 1413 2148 Juris
1434 2098 1570 2161 peri-

510 2175 623 2224 tiss.
656 2172 773 2224 Jae.
796 2170 1166 2235 Cothon-edus,
1204 2173 1259 2221 in
1282 2174 1486 2224 aureolo
1509 2174 1569 2225 li·

510 2244 667 2307 bello,
691 2248 775 2297 cui
796 2246 1025 2297 Tituium
1044 2246 1177 2298 fecit
1198 2248 1211 2277 ‘
1237 2248 1427 2299 Fontes
1446 2264 1570 2314 qna-

509 2327 628 2372 tuor
648 2323 792 2375 Juris
813 2324 976 2374 civiiis
994 2324 1051 2390 ju
1075 2339 1231 2374 unum
1252 2324 1496 2376 collecti.'

574 2399 733 2463 Regio
768 2404 969 2465 quodam
996 2403 1194 2466 surore]
1248 2405 1263 2432 ⁶
1291 2404 1567 2456 Furorem’

510 2475 577 2524 de
620 2478 769 2528 maiis
822 2479 1038 2544 civibus,
1090 2479 1463 2532 discordiarum
1508 2496 1570 2532 sc

508 2551 761 2602 bellorum
799 2553 1026 2604 civilium
1067 2554 1385 2618 auctoribus,
1428 2569 1571 2620 saepe

508 2627 693 2678 dicunt
720 2628 911 2678 Latini.
944 2629 1149 2680 Vid.sd
1172 2643 1259 2679 ιιι.
1284 2635 1367 2694 12,
1382 2635 1430 2682 7.
1465 2631 1570 2680 De-

507 2704 853 2755 cemvirornm
899 2704 1128 2756 furorem
1180 2707 1195 2732 ‘
1220 2707 1442 2771 regium’
1485 2722 1570 2758 νο-

508 2785 613 2841 cst,
636 2781 759 2845 qnia
781 2782 833 2830 id
855 2782 1096 2846 agebant,
1114 2791 1171 2835 ιιι
1190 2785 1387 2846 Regum
1408 2783 1572 2834 instar

506 2865 815 2920 perpetuam
837 2859 936 2908 sibi
952 2858 1353 2910 dominationem
1378 2859 1571 2910 retine-

507 2939 645 2980 rent.
688 2934 701 2958 ‘
730 2933 1097 2984 Decemviraie
1136 2933 1376 2999 regnum'
1416 2941 1570 2998 voc-at

508 3005 757 3058 Claudius
773 3007 909 3072 Imp.
931 3024 1017 3072 sp.
1039 3009 1253 3060 Gruter.
1272 3011 1437 3060 Inscr.
1452 3016 1566 3062 502.

507 3081 701 3131 Horat.
725 3098 809 3147 sp.
836 3084 945 3136 Liv.
968 3097 1057 3135 ιιι.
1078 3089 1161 3135 89.
1200 3085 1215 3113 ‘
1240 3085 1434 3136 Decem
1448 3087 1569 3138 Tar-

506 3157 744 3221 quinios.'

570 3235 665 3296 §.2
698 3234 971 3300 Jurisqwd
990 3237 1089 3302 ipse
1110 3238 1449 3303 composuerat]
1482 3240 1570 3292 Its

506 3307 790 3372 Pompeius
812 3327 899 3376 sp.
917 3314 1041 3363 Τιιο.
1063 3319 1113 3364 8.
1134 3319 1217 3377 28,
1241 3320 1289 3365 1.
1324 3317 1341 3342 ‘
1360 3329 1568 3369 suarum

503 3385 678 3448 legum
726 3395 908 3438 auctor
950 3389 1089 3438 idem
1131 3406 1193 3440 ac
1236 3391 1512 3444 subversor
1531 3391 1566 3442 :’

504 3461 613 3510 vid.
649 3462 763 3512 Liv.
788 3467 835 3512 8.
856 3471 907 3526 6,
928 3471 977 3513 5.
1010 3467 1025 3492 ‘
1050 3467 1192 3516 Leve
1215 3474 1297 3516 est
1332 3481 1427 3516 sun
1448 3482 1568 3518 con-

505 3536 644 3584 sulta
666 3551 728 3588 ac
752 3536 965 3589 decreta
988 3541 1206 3603 tollere‚’
1238 3545 1336 3593 dec.
1369 3541 1567 3605 inspice

502 3617 673 3661 totum
698 3613 881 3663 iocum.
946 3616 1140 3666 Contra
1160 3617 1429 3667 consilium
1452 3618 1567 3669 1.ae-

504 3683 612 3733 vini
652 3699 738 3750 ap.
774 3688 885 3738 Liv.
905 3693 988 3739 26.
1013 3694 1097 3752 86,
1120 3695 1169 3743 2.
1202 3695 1217 3720 ‘
1240 3693 1293 3742 Si
1334 3693 1457 3757 quid
1495 3693 1568 3742 in-

494 3759 720 3823 Jnngere
744 3761 981 3813 inferiori
1004 3767 1157 3830 velis,
1192 3766 1245 3816 id
1269 3769 1410 3832 prius
1433 3767 1488 3816 in
1511 3775 1566 3819 te

504 3846 568 3882 ac
593 3841 705 3884 tuos
725 3835 767 3883 si
790 3836 901 3899 ipse
910 3839 1045 3902 juris
1069 3844 1331 3906 statueris,
1363 3843 1568 3894 facilius

502 3924 681 3960 omnes
711 3911 1015 3965 obedientes
1048 3917 1240 3968 habeas
1259 3919 1294 3968 ι’
1326 3927 1385 3969 et
1406 3919 1565 3970 moni-

506 3993 615 4036 tum
640 3985 937 4038 Claudiani:
971 3989 986 4017 ⁶
1011 3989 1077 4040 In
1114 4006 1385 4044 commune
1410 3995 1565 4058 jubes

501 4060 713 4126 siquid,
752 4075 1001 4128 censesve
1026 4067 1322 4127 tenendum,
1358 4069 1564 4120 Primus

492 4137 640 4200 jussa
661 4136 813 4199 subi,’
836 4141 939 4188 &c.
972 4138 1167 4190 Verum
1190 4142 1382 4208 oppido
1408 4146 1562 4207 pauci

502 4218 645 4279 sunt,
677 4215 861 4282 quibus
899 4216 981 4268 vei
1018 4217 1233 4269 aliorum
1260 4233 1564 4288 consensus,

1204 285 1419 335 No'l'AE
1471 282 1808 333 VARIORU
1821 283 1871 329 Μ
1894 280 2002 331 »ΙΝ

1645 424 1732 491 (ιιι
1755 426 2000 489 Lycurgo
2035 438 2120 489 ep.
2156 421 2350 475 Justin.
2370 426 2422 474 8.
2439 426 2492 486 2,
2511 421 2596 487 8.)
2636 424 2723 472 vel

1646 502 1875 567 ipsorum
1913 501 2242 552 conscientie
2287 500 2590 550 testimonio
2625 498 2724 561 sit,

1645 581 1732 645 (nt
1755 580 2034 643 Caecinnoe,
2055 594 2140 644 sp.
2159 580 2286 631 Tac.
2305 582 2354 629 8.
2374 581 2462 642 88,
2483 576 2566 643 2.)
2595 577 2615 605 ‘
2639 590 2722 639 se,

1647 672 1766 722 quse
1809 658 1862 705 in
1907 655 2170 721 pubiicum
2215 660 2527 712 statuerent,
2572 653 2722 703 doni

1645 732 1962 784 servavisse:
2014 732 2168 783 Adde
2181 733 2296 783 Vel.
2313 732 2393 782 M.
2411 736 2463 783 6.
2479 734 2566 781 18.
2583 730 2720 779 Tne.

1648 814 1868 874 s.ss,s.
1898 814 1948 861 s.
1973 813 2131 870 ssa.
2164 811 2292 861 item
2333 808 2514 874 Agr-ic.
2551 811 2638 858 19.
2665 812 2720 856 s.

1649 887 1734 937 Fr.
1797 886 1974 937 Verba
1992 886 2133 937 Flori
2159 888 2426 952 pertinent
2457 884 2525 935 sd
2547 890 2722 947 capnt

1644 960 1800 1025 Legis
1823 975 1928 1013 χιι.
1951 961 2078 1011 st.
2111 976 2214 1027 quo
2245 968 2454 1011 eentum
2470 966 2614 1021 erat,
2639 965 2722 1017 nt,

1643 1040 1686 1088 si
1709 1038 1778 1088 de
1811 1039 2058 1089 libertate
2093 1039 2312 1102 aiicujus
2353 1034 2719 1088 controversis

1645 1122 1806 1179 esset,
1823 1115 2062 1166 vindieiae
2093 1115 2376 1166 secundnm
2409 1113 2718 1163 libertatem

1645 1192 1913 1256 darentur,
1941 1206 2044 1241 non
2065 1192 2348 1241 secundum
2379 1189 2718 1251 servitutem,

1645 1270 1682 1318 i.
1705 1283 1753 1319 e.
1775 1275 1837 1319 ιιι
1855 1269 2106 1332 possessio
2123 1267 2280 1330 illins,
2297 1266 2364 1315 de
2381 1267 2534 1331 cnjus
2551 1264 2717 1314 liber-

1647 1351 1756 1397 tate
1777 1345 2052 1409 agebatur,
2087 1359 2250 1409 usqne
2271 1344 2338 1393 sd
2358 1340 2720 1405 exitnmjudi·

1645 1422 1714 1472 cii
1736 1434 1894 1486 penes
1920 1436 2038 1471 enm
2071 1428 2330 1482 maneret,
2365 1419 2454 1484 qni
2475 1416 2530 1467 in
2553 1414 2716 1467 liber·

1645 1503 1807 1550 tatem
1831 1496 2149 1559 vindicabat,
2181 1510 2303 1560 non,
2337 1496 2431 1561 qni
2463 1494 2518 1543 in
2549 1492 2716 1543 ses-vi-

1645 1578 1827 1623 tutem.
1895 1573 2018 1623 vid.
2053 1571 2234 1635 Sigon.
2259 1584 2300 1621 1.
2329 1570 2398 1619 de
2423 1566 2607 1620 Jndic.
2629 1570 2720 1620 21.

1643 1656 1700 1699 et
1715 1649 1834 1701 διο.
1849 1648 2091 1701 Gothofr.
2113 1647 2180 1698 sd
2199 1647 2328 1697 st.
2350 1660 2431 1697 νι.
2453 1646 2585 1709 neg.
2605 1654 2717 1693 xu-

1641 1725 1774 1777 Τοῦ.
1809 1726 2006 1777 Contra
2025 1725 2126 1775 hoc
2145 1728 2305 1788 caput
2324 1720 2532 1787 Appius
2551 1718 2720 1769 vindi·

1643 1801 1750 1851 cies
1789 1801 2010 1851 dederet
2039 1798 2324 1869 secundnm
2367 1796 2720 1855 servitutem,

1643 1877 1792 1940 cnjus
1814 1874 2016 1925 decreti
2055 1888 2268 1929 cansam
2297 1877 2572 1935 exponunt
2595 1869 2716 1919 Ην.

1643 1965 1732 2003 ιιι.
1753 1955 1837 2002 44.
1859 1959 1914 2002 et
1931 1964 2076 2015 seqq.
2101 1950 2319 2012 Dionys.
2341 1960 2422 1997 ιι.
2442 1950 2526 1995 sl.
2553 1945 2718 1995 Pom-

1645 2042 1766 2093 pon.
1789 2029 1825 2078 1.
1843 2031 1895 2077 2.
1914 2029 1960 2091 ς.
1977 2031 2059 2077 24.
2095 2026 2166 2076 D.
2187 2024 2258 2075 de
2277 2025 2375 2075 Or.
2395 2020 2516 2075 Jur-

1709 2106 1798 2168 §.3
1819 2103 1892 2153 Ab
1901 2101 2160 2165 Aventino]
2175 2099 2448 2151 Obscurus
2457 2103 2544 2147 est
2555 2097 2721 2147 ιιίιιιίιι

1643 2182 1921 2233 brevitate.
1988 2180 2126 2229 Nem
2147 2177 2310 2228 verba
2342 2176 2478 2227 hanc
2497 2182 2718 2225 senten-

1644 2256 1768 2307 tism
1790 2255 1982 2307 habere
2014 2261 2251 2321 pensent,
2289 2252 2636 2305 Decemviros
2655 2264 2718 2301 se

1643 2333 1698 2388 in
1720 2332 2040 2384 Aventinum
2060 2332 2338 2396 recepisse,
2359 2336 2518 2396 atque
2537 2328 2666 2378 inde
2686 2342 2721 2378 ι

1645 2410 1802 2476 plebe
1824 2410 2092 2461 detractos
2111 2423 2242 2460 esse.
2305 2409 2378 2458 Et
2399 2407 2477 2456 sic
2499 2403 2720 2455 videtur

1645 2487 1914 2553 accepisse
1937 2485 2227 2550 Ampelins,
2243 2484 2353 2550 qui,
2370 2483 2388 2511 ⁴
2413 2481 2722 2546 Virgininsss

1645 2564 1838 2629 inquit,
1867 2564 1884 2592 ‘
1909 2563 2139 2628 Appium
2173 2568 2234 2612 et
2263 2567 2432 2612 totam
2463 2560 2582 2624 ejus
2602 2557 2720 2608 fec-

1645 2638 1838 2690 tionem
1855 2639 1907 2690 in
1927 2637 2192 2689 Aventino
2209 2635 2574 2697 circumvenit,
2589 2631 2722 2684 effe·

1645 2714 1822 2781 citque
1845 2722 1904 2765 ut
1939 2713 2182 2764 abdicato
2217 2712 2546 2776 magistratu
2556 2723 2722 2760 necn-

1645 2791 1765 2853 ssti,
1799 2797 1958 2855 atque
1979 2789 2213 2840 damnati
2252 2787 2406 2838 variis
2440 2786 2723 2852 suppliciis

1643 2864 1994 2930 punirentur?
2070 2865 2177 2915 Sed
2229 2865 2414 2914 Florus
2473 2861 2722 2914 fortassis

1643 2942 1741 2992 hoc
1765 2941 1929 2992 voluit
1956 2940 2170 2992 dicere:
2203 2939 2412 3004 plebem
2449 2942 2721 3000 occupato

1646 3018 1908 3069 Aventino
1929 3016 1997 3067 sb
2018 3033 2102 3080 eo,
2139 3025 2404 3081 tamquam
2441 3029 2568 3066 arce
2591 3029 2720 3079 qut-

1643 3093 1782 3158 dsm,
1819 3094 1873 3142 in
1921 3092 2270 3143 DecEmviros
2307 3104 2618 3142 conversam
2662 3091 2719 3140 vi

1644 3168 1906 3234 armisque
1928 3167 2177 3219 adhibitis
2192 3183 2286 3219 eos
2303 3167 2358 3217 in
2379 3165 2617 3216 ordinem
2639 3181 2722 3216 re·

1643 3243 1866 3309 degisse.
1913 3245 2110 3296 Verum
2127 3243 2204 3294 sic
2220 3257 2426 3310 quoquo
2439 3257 2548 3292 non
2563 3248 2718 3292 recte

1643 3334 1753 3370 rem
1796 3319 2031 3384 exponit.
2099 3319 2236 3370 Nam
2287 3319 2440 3383 plebs
2491 3318 2716 3382 primum

1643 3394 1962 3446 Aventinum
1977 3394 2187 3459 insedit,
2205 3401 2260 3444 et
2277 3407 2436 3460 quum
2451 3394 2578 3444 nihil
2595 3407 2720 3458 pro·

1643 3469 1846 3534 ficeret,
1881 3469 2004 3520 inde
2041 3486 2100 3520 se
2137 3471 2190 3520 in
2228 3476 2460 3522 montem
2497 3470 2718 3520 Sacrum

1641 3545 1889 3608 contulit,
1908 3552 2068 3610 atque
2086 3545 2164 3596 its
2177 3545 2387 3596 demum
2407 3544 2718 3594 Decemviri

1641 3622 1813 3674 coacti
1849 3621 2062 3672 suerunt
2102 3635 2159 3672 se
2199 3619 2526 3684 Magistrum
2567 3618 2716 3670 abdi-

1643 3711 1782 3748 cere.
1849 3697 1920 3747 Et
1961 3711 2028 3746 ex
2067 3696 2128 3746 iis
2165 3697 2262 3746 soii
2295 3696 2502 3760 Appius
2523 3703 2580 3746 et
2601 3694 2714 3760 Op-

1643 3773 1756 3835 pius
1780 3773 1832 3821 in
1855 3786 2118 3824 carcerem
2153 3771 2404 3836 conjecti,
2445 3772 2640 3836 reliqui
2657 3773 2712 3821 in

1644 3848 1882 3898 exsilium
1919 3848 2028 3898 acti
2067 3855 2206 3898 sunt.
2263 3849 2380 3898 Liv-
2403 3861 2496 3898 ιιι.
2534 3853 2622 3900 56.
2655 3855 2712 3898 et

1639 3937 1786 3987 seqq.
1843 3923 1932 3974 st.

1663 4049 1668 4052 .
1707 3999 1847 4050 Cn».
1865 4002 1930 4048 25
1989 3999 2070 4048 De
2111 3999 2212 4050 hnc
2250 3999 2412 4050 tertis
2449 3999 2717 4052 discordia

1639 4073 1747 4122 inte
1767 4072 1881 4124 Liv.
1899 4073 1990 4124 lib.
2011 4079 2064 4126 4.
2109 4075 2356 4126 Meminit
2370 4073 2718 4140 Augustinus,

1640 4148 1752 4198 Civ.
1791 4153 1841 4198 8.
1881 4153 1960 4199 17.
2003 4149 2097 4200 ubi
2135 4151 2287 4214 plura
2329 4155 2711 4206 annotavimus.

1643 4225 1778 4278 Cam.
1847 4226 1929 4280 De
1950 4226 2218 4280 connubiis
2235 4227 2375 4279 inter
2392 4229 2644 4295 patricios
2661 4239 2716 4280 et
