2910 4693
482 318 614 383 '774

481 487 607 524 nere
624 470 887 537 adficere}
908 472 1028 525 Ταῦ.
1052 486 1130 525 ιν.
1154 473 1221 525 Α.
1240 478 1319 525 ⁴⁶.
1356 474 1373 505 ‘
1398 473 1546 524 Piso·

482 564 599 599 nem
622 564 725 598 uno
750 550 959 599 vulnere
992 550 1043 600 in
1067 561 1285 601 mortem
1315 548 1550 601 adfecit!

484 626 556 677 Et
600 626 839 690 scriptor
871 626 939 677 de
982 628 1116 677 Bell.
1166 628 1321 693 Hisp.
1361 641 1410 677 c.
1446 640 1548 677 ιιι.

480 702 498 729 ⁴
524 700 930 766 Compluresqne
985 702 1283 751 vulneribus
1344 700 1550 753 adfece-

482 776 638 827 runt.'
692 777 709 806 ‘
732 777 894 827 Clade
934 777 1188 828 adficere’
1226 778 1376 829 Curt.
1410 792 1467 830 x.
1500 782 1549 829 6.

486 854 559 905 Et
579 854 655 903 sie
678 852 891 904 forsitan
914 856 1095 905 melius
1120 856 1321 919 legatur
1340 856 1393 905 ln
1407 854 1548 906 Vell.

484 944 549 981 ιι.
572 934 653 980 30.
680 930 767 979 ubi
792 930 857 979 de
882 930 1016 980 bello
1048 931 1359 995 gladiatorio
1384 931 1548 995 scrip·

484 1014 593 1057 tum
612 1012 723 1056 est:
758 1008 773 1033 ⁴
794 1005 1053 1056 Gravibns
1066 1008 1326 1073 variisque
1342 1007 1548 1059 casibus

484 1080 727 1132 adfecere
768 1082 1016 1132 Italiam.'
1085 1083 1222 1133 Nam
1252 1084 1435 1133 casibus
1465 1084 1552 1133 ali·

484 1174 621 1225 quem
641 1158 842 1223 adficere
864 1172 965 1207 non
990 1160 1196 1207 memini
1226 1172 1309 1207 me
1332 1174 1549 1224 usquam

482 1236 610 1285 alibi
625 1237 821 1299 legere.
884 1235 1031 1285 Suet.
1054 1236 1192 1285 Caes.
1213 1247 1344 1284 xxv,
1376 1235 1393 1261 ⁸
1418 1235 1554 1285 Ger·

486 1326 665 1363 manos
720 1312 958 1362 maximis
1018 1309 1215 1361 adfecit
1270 1308 1550 1361 cladibus-³

488 1390 636 1441 Curt.
673 1406 727 1440 x.
756 1394 804 1441 6.
841 1394 890 1441 6.
944 1391 959 1418 ‘
982 1388 1187 1451 Clades,
1218 1402 1321 1452 qna
1355 1385 1552 1437 adfecti

490 1466 703 1516 sumus.’
777 1465 833 1515 Si
869 1474 1042 1515 tamen
1091 1466 1108 1493 ‘
1132 1464 1369 1517 casibus·
1410 1462 1552 1513 vide-

487 1541 633 1593 bitur
681 1541 1011 1592 retinendum
1056 1555 1121 1591 ex
1157 1541 1301 1605 Sulp.
1339 1541 1555 1605 Severo,

487 1632 641 1683 quem
664 1619 718 1668 in
743 1618 849 1667 vita
870 1619 933 1666 Β.
956 1618 1171 1667 Martini
1198 1632 1317 1683 cap.
1342 1630 1459 1667 ιιι.
1475 1617 1553 1667 ita

484 1695 753 1758 loquutum
786 1693 1018 1743 ostendit
1046 1693 1331 1758 Wopkens.
1366 1694 1419 1743 in
1442 1692 1551 1743 Ad·

486 1783 681 1820 versar.
725 1770 779 1819 in
821 1770 1101 1831 Velleium,
1141 1784 1239 1833 per
1289 1784 1371 1819 me
1426 1771 1554 1821 licet

484 1854 696 1897 maneat
710 1862 827 1897 cum
852 1846 967 1897 alii's
980 1846 1327 1910 singularibus
1344 1846 1553 1909 Velleii,

486 1938 604 1989 quae
645 1924 931 1987 Sulpicium
963 1922 1219 1973 imitatum
1250 1938 1366 1972 esse
1399 1922 1553 1974 dicit.

486 2002 724 2065 neget-us
760 2000 844 2048 hic
864 1999 1134 2049 uulneribus
1166 2000 1216 2049 iu
1248 2005 1552 2050 contextum

486 2076 682 2132 intulit,
722 2074 859 2141 quod
902 2088 1005 2123 non
1050 2073 1255 2125 fecerat
1294 2076 1553 2139 Graevius,

488 2158 765 2203 contentus
818 2150 1131 2202 sententiam
1184 2151 1237 2201 in
1273 2150 1552 2206 Animadv-

490 2228 699 2278 ffifiue

552 2304 599 2368 ς.
633 2308 663 2354 3
720 2302 781 2353 Su·
811 2303 969 2366 soteri
1006 2304 1141 2370 licet]
1212 2306 1368 2372 Apud
1402 2321 1555 2359 aures

488 2383 721 2434 insuetus
756 2382 936 2433 audire
959 2399 1098 2435 vera.
1164 2387 1329 2437 Simili
1366 2387 1558 2451 praefa-

489 2459 632 2509 tione
656 2458 824 2508 utitur
846 2457 939 2510 inf.
965 2463 1015 2524 3,
1036 2465 1087 2524 7,
1105 2467 1153 2513 1.
1206 2463 1425 2514 Freineh.

555 2533 836 2597 Sedu’geusaes
872 2535 1043 2599 socios]
1116 2537 1344 2588 Omnino
1377 2553 1557 2590 verum

488 2617 589 2676 est,
630 2611 941 2672 Segidenses:
982 2611 1121 2676 quod
1162 2627 1276 2662 cum
1318 2614 1407 2663 alii
1442 2615 1556 2678 jam

488 2687 759 2751 vidissent,
779 2687 964 2737 mirum
988 2701 1077 2738 eos
1104 2689 1413 2742 retinuisse:
1448 2699 1557 2742 tres

490 2764 679 2828 scripti
732 2763 900 2814 Codd.
957 2764 1241 2827 Segidenses
1306 2769 1559 2820 scribunt.

489 2837 643 2890 Salm.
719 2839 1021 2903 θυμίαμα]
1081 2841 1171 2892 Sic
1227 2842 1361 2895 Psll.
1418 2851 1556 2895 tresz

487 2929 609 2965 nam
630 2928 770 2965 nunc
792 2916 979 2966 iterum
1008 2917 1061 2966 in
1086 2932 1291 2968 scenam
1315 2920 1450 2970 redit
1470 2921 1560 2971 ille

492 2993 624 3043 Nan.
678 2995 829 3044 Grut.
898 2993 1018 3042 Hoc
1038 3000 1213 3044 antem
1236 2995 1403 3058 ipsum
1422 3011 1558 3054 cum,

489 3071 681 3121 Thebis
704 3070 906 3134 dirutis,
926 3070 1273 3122 Athenienses
1290 3073 1559 3141 fecissent,

487 3148 504 3177 ⁸
530 3148 607 3197 ita
634 3146 865 3210 graviter
890 3146 1009 3196 tulit
1032 3146 1351 3213 Alexander,
1383 3157 1441 3200 ut
1477 3165 1557 3200 se-

491 3221 663 3273 cunda
698 3223 963 3285 legatione
1000 3221 1193 3272 bellum
1232 3223 1556 3288 deprecanti·

488 3297 609 3360 bus,
625 3297 701 3346 ita
722 3297 929 3347 demum
948 3297 1223 3362 remiserit,
1240 3306 1301 3350 ut
1318 3307 1556 3352 oratores

490 3380 549 3425 et
571 3373 749 3436 duces,
770 3387 984 3437 quorum
1008 3372 1195 3424 fiducia
1216 3377 1371 3426 toties
1392 3377 1556 3427 rebel-

490 3453 622 3515 lent,
635 3451 733 3501 sibi
756 3449 1047 3500 dedantur!
1093 3449 1291 3502 Justin.
1309 3457 1390 3516 11,
1408 3457 1459 3518 4,
1477 3459 1556 3504 10.

490 3537 553 3581 ιιι
594 3529 669 3579 ita
700 3543 803 3579 non
837 3527 966 3578 adeo
988 3527 1177 3592 injusta
1214 3527 1335 3578 belli
1372 3543 1558 3580 caussa

492 3607 751 3670 videatur,
800 3612 1159 3671 receptatores
1204 3606 1427 3657 hostium
1485 3609 1560 3658 in·

492 3684 703 3734 vadere.
775 3683 999 3734 Freinsh.
1086 3683 1192 3732 Hic
1236 3698 1441 3749 qnoque
1490 3685 1556 3736 tle

494 3759 754 3822 scriptura
784 3759 949 3809 Codd.
970 3760 1107 3809 Pali.
1132 3761 1185 3808 in
1204 3760 1407 3812 diversa
1430 3770 1560 3813 eunt

490 3835 769 3886 Salmasius
812 3842 869 3883 et
918 3835 1194 3888 Gruterus.
1278 3838 1561 3901 Segidenses

490 3911 631 3962 Tell.
682 3909 851 3974 Regg.
900 3911 1047 3962 Voss.
1089 3913 1239 3966 Fran.
1289 3917 1474 3968 Duisb.
1505 3925 1560 3969 et

494 3989 631 4040 Edd.
648 3994 783 4038 vett.
803 3988 892 4037 sed
911 3987 1037 4037 And.
1053 3989 1354 4050 Segedenses.
1390 3993 1558 4058 Ryck.

493 4067 789 4130 Sedigentes.
838 4065 855 4095 ‘
872 4063 1066 4129 Segida
1081 4065 1096 4087 '
1118 4065 1241 4115 urbs
1260 4067 1556 4122 Celtiberia

494 4151 573 4194 est
612 4158 695 4209 ap.
728 4141 909 4206 steph.
978 4140 1107 4191 Eam
1140 4155 1243 4192 non
1277 4142 1432 4208 longe
1467 4145 1558 4198 ab·

1176 330 1394 382 NoTAE
1442 330 1786 381 vA-Rtolw
1799 330 1846 379 M
1885 330 1980 379 -1N

1619 472 1784 524 fuisse
1805 472 2091 525 Numantia
2111 468 2427 539 intelligitur
2460 488 2490 525 e
2513 474 2686 527 strab.

1621 549 1714 599 lib.
1745 564 1834 601 111.
1875 564 1927 613 p.
1949 554 2064 600 162.
2109 557 2164 601 et
2194 550 2339 615 App.
2375 551 2430 601 in
2465 551 2686 617 Hispan.

1622 642 1676 691 p.
1700 632 1816 679 279.
1877 627 1984 677 Sed
2008 627 2129 678 huic
2151 635 2208 678 et
2223 628 2399 678 Plinio
2416 642 2508 677 ιιι.
2526 628 2596 683 H.
2612 630 2685 679 N.

1623 711 1706 754 est
1759 705 1774 734 ‘
1797 703 2036 769 Segeda?
2108 703 2232 754 Vid.
2279 704 2364 753 hic
2409 696 2591 754 Vinet’.
2633 712 2689 755 et

1623 780 1843 844 Rupert.

1687 856 1731 921 ς.
1757 860 1790 906 4
1820 854 2131 920 Deprecatio]
2179 856 2260 905 De
2283 855 2386 906 hac
2415 856 2547 905 nihil
2569 858 2689 907 seri·

1623 930 1704 981 bit
1743 930 2030 995 Appianas,
2068 932 2160 981 sed
2197 932 2555 984 Numantinos
2591 948 2690 984 una

1625 1021 1742 1057 cum
1797 1007 2168 1072 Segidensibus
2235 1008 2489 1060 adversus
2547 1010 2688 1061 Rom.

1624 1097 1885 1147 pugnasse
1925 1090 2112 1134 auctor
2145 1090 2245 1148 est,
2273 1084 2330 1133 in
2370 1083 2597 1150 Hispan.
2629 1100 2686 1150 p.

1624 1162 1738 1210 279.

1631 1234 1636 1241 ’
1691 1235 1802 1285 Hoc
1839 1236 1909 1285 sic
1949 1252 1978 1286 u
2017 1234 2234 1285 barbari·
2275 1238 2544 1301 acceptum]
2607 1238 2686 1288 De

1625 1310 1874 1375 Hispanis
1893 1312 1946 1361 in
1969 1325 2161 1375 genere
2188 1312 2447 1377 Justiuus,
2463 1317 2554 1377 44,
2573 1318 2624 1378 2,
2639 1320 2690 1363 8.

1622 1386 1640 1416 ‘
1661 1386 1907 1438 Plurimis
1962 1388 2214 1437 militares
2268 1388 2390 1453 equi
2440 1397 2500 1439 et
2559 1405 2690 1439 arma

1625 1464 1874 1529 sanguiue
1896 1465 2120 1528 ipsorum
2139 1464 2374 1527 cariora:
2397 1465 2485 1515 ubi
2517 1474 2692 1517 notam

1626 1543 1942 1593 Beruecceri
1985 1542 2138 1593 vide:
2191 1548 2250 1593 et
2291 1558 2412 1607 qnae
2456 1552 2691 1595 notamus

1627 1633 1740 1683 sup.
1763 1624 1812 1683 1,
1827 1624 1908 1681 10,
1927 1624 1977 1668 2.
1999 1626 2055 1669 et
2069 1622 2120 1681 2,
2134 1623 2246 1683 3,5.
2313 1620 2456 1669 Item
2479 1622 2692 1686 Dionys.

1628 1710 1712 1759 ap.
1734 1696 1907 1746 vales.
1923 1700 2039 1745 529.
2065 1704 2119 1745 et
2136 1710 2284 1761 supp.
2299 1698 2452 1747 Curt-
2475 1702 2525 1757 1,
2543 1701 2624 1760 14,
2639 1702 2688 1747 6.

1629 1774 1848 1824 steimk.
1905 1774 2020 1824 Liv.
2044 1773 2133 1825 lib.
2155 1778 2236 1823 34.
2270 1789 2319 1824 c.
2345 1778 2424 1824 1⁷.
2461 1774 2696 1825 ostendit

1629 1864 1806 1900 omnes
1837 1850 2100 1913 Hispanos
2136 1852 2230 1900 boc
2265 1852 2480 1915 ingenio
2523 1851 2702 1913 fnisse,

1629 1928 1904 1992 plerosque
1957 1940 2136 1975 manns
2187 1926 2288 1975 sibi
2342 1927 2592 1978 attulisse
2635 1928 2698 1977 ob

1629 2002 1834 2051 ademta
1853 2016 2027 2052 arma:
2064 2002 2081 2029 ‘
2105 2002 2276 2051 Ferox
2307 2003 2476 2065 gens,’
2516 2004 2699 2069 inquit,

1627 2078 1644 2105 ‘
1669 2077 1862 2127 nullam
1893 2077 2054 2127 vitam
2078 2077 2181 2126 rati
2203 2078 2317 2126 sine
2354 2079 2520 2128 armis
2557 2084 2704 2131 esse-⁹

1633 2152 1803 2202 Grau.
1861 2153 1990 2201 Nan.
2015 2150 2170 2202 Fran.
2185 2152 2320 2202 Tou.
2341 2154 2532 2205 Duisb.
2551 2154 2701 2205 Voss.

1633 2232 1678 2278 1.
1689 2231 1738 2279 2.
1756 2234 1812 2277 et
1825 2242 1872 2277 v.
1889 2242 1938 2277 e.
1951 2227 2302 2278 absciderentu-
2313 2229 2385 2279 ab
2400 2232 2415 2258 ‘
2441 2230 2664 2281 abscido
2674 2231 2704 2281 ι’

1629 2306 1766 2371 quod
1791 2304 2048 2370 probabat
2060 2306 2274 2356 Tollius.

1698 2384 1908 2445 Megara
1937 2383 2038 2432 riro
2062 2380 2333 2443 fortissimo
2367 2381 2516 2445 duee]
2565 2383 2701 2434 Illud

1629 2459 1731 2509 niro
1747 2459 1866 2508 mihi
1883 2465 2184 2522 suspectum
2203 2465 2310 2519 est;
2345 2473 2450 2508 nec
2469 2465 2702 2510 temere:

1631 2535 1758 2584 satis
1781 2533 1965 2584 fuisset
1987 2533 2184 2595 dicere,
2207 2535 2416 2596 Megara
2429 2535 2704 2593 fortissimo

1630 2613 1761 2664 duce.
1827 2611 1946 2662 Hoc
1970 2613 2086 2661 leve
2108 2619 2278 2662 tamen
2305 2619 2703 2676 argumentum:

1627 2688 1755 2741 illud
1777 2687 1984 2752 fortius,
2016 2688 2156 2753 quod
2187 2703 2366 2738 omues
2407 2689 2534 2738 libri
2561 2692 2708 2752 vieto,

1630 2780 1732 2815 non
1787 2766 1907 2829 viro,
1956 2764 2225 2814 scribunt:
2279 2777 2345 2812 an
2401 2765 2705 2828 legendum,

1631 2843 1838 2904 Megara
1871 2842 2046 2892 int-icto
2079 2847 2126 2890 et
2143 2841 2418 2902 fortissimo
2449 2843 2612 2895 duee?
2643 2859 2704 2894 an

1631 2919 1804 2980 potius
1841 2917 2190 2980 Megumoicto‚
2223 2925 2316 2968 sut
2352 2919 2707 2984 Meyer-misto,

1629 3001 1690 3044 nt
1713 2993 2068 3056 Mem-aviam
2102 2995 2174 3043 sit
2208 3009 2396 3043 nomen
2433 2997 2702 3062 proprium

1629 3071 1766 3122 illins
1781 3070 1963 3120 ducis?
1999 3069 2200 3122 Quibus
2219 3071 2384 3136 otium
2401 3080 2508 3136 est,
2524 3087 2704 3124 verum

1630 3161 1866 3212 quaerere
1885 3160 1986 3195 non
2008 3145 2272 3211 omittent,
2291 3161 2386 3196 uos
2401 3148 2470 3197 ad
2487 3163 2704 3214 sequen-

1633 3225 1708 3275 tia
1750 3223 2026 3289 pergimus.
2095 3223 2262 3273 Salen.
2333 3225 2548 3286 Megnru
2573 3225 2706 3288 niro]

1630 3302 1856 3354 Videtur
1897 3299 2294 3364 restituendum,
2339 3302 2704 3364 Megaram:

1631 3395 1748 3430 nam
1787 3380 1862 3430 sic
1896 3393 2019 3429 sane
2050 3378 2189 3428 Pali.
2228 3383 2374 3427 tres:
2427 3378 2530 3427 nisi
2567 3379 2705 3444 quod

1632 3455 1746 3507 sere
1767 3457 1964 3506 duabus
1977 3454 2188 3504 vocibus
2203 3455 2498 3517 exararint,
2513 3455 2704 3518 Megari

1631 3535 1772 3582 vieto.
1828 3533 1982 3582 Grut.
2071 3531 2239 3594 Ryck.
2291 3531 2454 3580 etiam
2501 3533 2703 3594 Megara

1632 3610 1756 3659 nicto
1768 3609 2038 3667 fortissimo
2059 3609 2189 3658 duce.
2255 3607 2525 3658 Videntur
2545 3609 2701 3658 Salus.

1633 3693 1690 3738 et
1725 3687 1985 3737 Gruterus
2007 3699 2113 3733 nou
2146 3682 2378 3734 absurde.
2409 3685 2704 3750 conjecisse

1632 3760 2236 3826 Megamvistosortissimo
2255 3760 2389 3808 duce.
2425 3761 2610 3812 Gra-v.

1702 3838 1944 3895 Conversi,
1963 3836 2265 3900 Pompeium]
2287 3833 2578 3888 ’manu
2587 3851 2704 3888 enm

1632 3915 1731 3965 bac
1753 3914 2086 3964 distinctione
2107 3925 2208 3960 uon
2242 3923 2566 3976 magnopere
2597 3913 2706 3978 pls-

1631 3999 1736 4042 cet.
1801 3991 1986 4041 Malim
2026 4002 2144 4038 cnm
2182 3986 2427 4037 Per-iton.
2471 3989 2704 4040 οσιιοαυί.

1595 4129 1601 4136 θ
1633 4067 1912 4131 Pompeiam
1941 4062 2112 4128 prelio
2139 4063 2364 4124 agg-reni
2379 4063 2549 4122 sedus
2579 4071 2620 4116 t.
2639 4081 2706 4114 ιιι.

1633 4143 1723 4196 De
1767 4141 2009 4207 Pompeii
2043 4138 2200 4206 rebus
2247 4140 2414 4204 gestis
2453 4139 2708 4194 adversus
