2910 4693
381 309 515 376 488

383 469 535 522 Idem
573 470 874 535 conjecerat
909 471 1032 522 Nic.
1057 471 1324 532 Heinsius,
1365 471 1455 522 ad·

383 546 596 610 scriptis
623 548 782 597 etiam
817 547 948 597 locis
969 547 1110 598 Flori
1143 563 1174 597 e
1197 547 1289 599 lib.
1311 561 1354 612 1,
1375 552 1455 609 18,

384 627 435 674 0.
469 636 556 674 ιιι.
579 627 627 687 1,
651 627 730 674 18.
753 631 810 674 et
831 639 920 686 ιιι,
934 628 1112 688 12,11.
1127 625 1314 690 quibus
1329 625 1454 678 add.

389 713 434 762 ι,
467 703 518 763 8,
539 705 590 749 5.
668 699 785 752 Nec
821 701 1078 752 absurde:
1113 715 1232 751 nam
1256 701 1367 763 jam
1399 709 1458 752 et

371 773 480 836 jon
499 791 609 826 σει-ο
629 776 920 828 inserviunt
937 777 1252 841 transitum,
1267 785 1324 829 et
1335 792 1457 830 con·

385 852 662 904 nectendo
697 856 940 906 orationi.
1018 855 1138 906 vid.
1176 854 1360 906 Scheff.
1397 859 1458 906 et

386 932 566 982 Gran.
603 931 668 980 ad
717 931 915 983 Justin.
970 945 1084 982 xu-
1133 937 1182 983 5.
1263 933 1336 984 Et
1379 932 1457 982 slc

387 1009 565 1060 GroeV.
585 1007 712 1059 infr.
747 1023 825 1074 tv,
861 1014 943 1072 12,
975 1013 1059 1059 28.
1081 1023 1184 1073 pro
1204 1021 1317 1059 nam
1337 1009 1457 1060 sub-

385 1086 710 1137 stituendum
757 1095 939 1138 censet
979 1089 1106 1148 Jam.
1169 1089 1272 1138 Sed
1323 1101 1460 1141 omn.

387 1177 515 1214 serr.
539 1169 598 1214 et
617 1161 737 1215 edd.
769 1163 912 1213 Flori
935 1171 992 1214 et
1010 1165 1110 1214 hoc
1141 1171 1202 1215 et
1233 1165 1322 1214 illo
1343 1167 1459 1216 loco

384 1239 581 1289 habent
619 1239 767 1289 Nam.
855 1240 926 1290 Et
967 1241 1102 1291 hanc
1147 1241 1459 1306 particulam

388 1330 532 1381 saepe
566 1316 803 1366 eamdem
841 1317 945 1367 vim
991 1319 1184 1369 habere
1227 1319 1461 1370 ostendit

386 1399 595 1449 Manat.
621 1398 686 1450 ad
711 1400 882 1451 Cicer.
917 1401 1016 1464 Ep.
1060 1398 1244 1452 Fam'il.
1266 1414 1353 1451 ιιι.
1379 1406 1462 1460 11,

386 1483 442 1527 et
471 1487 522 1526 v.
545 1479 628 1527 2⁰.
673 1474 810 1526 Add.
827 1476 1061 1526 Gronov.
1083 1477 1148 1526 ad
1168 1477 1283 1529 Liv.
1301 1489 1464 1541 xxrx,

389 1555 438 1604 8.
461 1558 517 1603 ot
539 1553 622 1604 01.
647 1551 846 1604 Noodt.
869 1553 1141 1604 Pr0babil.
1163 1567 1228 1604 ιι.
1251 1559 1301 1605 8.
1329 1555 1461 1604 Dio-

388 1630 511 1680 clet.
537 1635 595 1680 et
635 1629 856 1678 Maxim.
898 1641 1019 1679 xiv.
1060 1636 1118 1679 et
1138 1629 1206 1679 de
1229 1630 1382 1680 Pact.
1402 1637 1463 1681 et

387 1707 660 1756 Transact.
679 1719 804 1756 xm.
851 1705 915 1757 In
937 1711 1200 1771 postrema
1221 1707 1319 1756 Ed.
1337 1707 1460 1757 Αιιι-

387 1784 574 1834 ttelod.
597 1783 738 1834 Flori
763 1783 1090 1833 adnotationi
1119 1783 1463 1834 Freinshemil

387 1859 505 1909 haec
527 1859 831 1920 adsuuntnr,
865 1860 881 1886 ⁸
900 1857 1003 1908 Ms.
1027 1859 1162 1922 Reg.
1183 1873 1296 1907 nom
1315 1864 1389 1908 τοι
1409 1861 1463 1909 in

391 1936 672 1987 laboribus?
711 1951 829 2002 quae
867 1936 1004 1986 unde.
1036 1941 1208 1985 sumta
1229 1935 1336 1985 sint
1356 1949 1463 1985 non

393 2013 517 2062 sclo.

461 2088 790 2178 contendisse]
837 2087 1021 2139 Simile
1055 2089 1152 2138 hoc
1185 2087 1466 2138 Plutarchi

391 2169 477 2214 est
511 2165 564 2214 in
603 2165 877 2215 Demosth.
902 2179 1020 2229 cap.
1040 2169 1090 2216 4.
1125 2163 1469 2230 Elyma-orsi

391 2243 534 2303 φύσει
572 2239 752 2307 καὶ.τῇ
797 2240 928 2307 τύχῃ
983 2239 1188 2306 καθάπερ
1225 2241 1467 2304 τεχνίταις

392 2316 590 2380 ἅμιλλα.
628 2319 715 2369 Fr.

469 2388 636 2447 Virtus
655 2402 704 2447 et
715 2396 944 2462 fortuna]
979 2396 1112 2448 Tam
1135 2410 1261 2463 ergo
1283 2410 1465 2461 parum

393 2474 507 2524 sine
561 2472 774 2524 fortuna
821 2475 990 2524 virtus
1024 2472 1276 2537 effecerit,
1313 2488 1465 2537 quam

393 2550 506 2600 sine
529 2549 728 2599 virtute
750 2548 976 2599 fortuna.
1025 2545 1202 2600 Sensit
1222 2551 1321 2600 hoc
1335 2552 1468 2600 Bru-

393 2632 499 2689 tus,
517 2640 633 2675 cnm
656 2626 1000 2695 exclamaret,
1037 2628 1178 2691 apud
1213 2626 1467 2677 Nostrum

393 2706 447 2765 4,
487 2706 538 2763 7,
575 2705 655 2752 11.
685 2702 846 2752 ‘Non
883 2703 937 2752 iu
973 2716 1052 2766 rc,
1085 2702 1180 2752 sed
1211 2703 1266 2751 in
1301 2702 1468 2752 verbo

395 2784 601 2828 tantum
626 2790 737 2827 esse
762 2778 1010 2828 virtutem
1026 2775 1061 2828 ε’
1097 2784 1153 2828 et
1167 2777 1470 2843 Pausanias,

397 2870 552 2921 quum
575 2854 830 2904 scriberet
851 2854 941 2903 lib.
967 2868 1007 2904 1.
1039 2852 1158 2903 Τοὺς
1189 2853 1277 2902 ὑπὸ
1297 2854 1472 2915 Ἐλλή-

395 2948 488 2980 νων
507 2928 819 2991 καλουμένους
853 2928 1084 2993 ἀνδρείους
1114 2928 1174 2977 τὸ
1199 2928 1343 2990 μηδὲν
1363 2930 1475 2980 ἄνευ

393 3006 550 3071 τύχης
583 3004 718 3056 εἶναι.
785 3008 858 3055 Et
877 3008 1099 3055 Maxim.
1120 3007 1247 3070 Tyr.
1271 3006 1475 3057 Disser-

396 3092 496 3136 tat.
516 3088 600 3134 24.
618 3081 885 3147 Ἀρχούσης
923 3080 1011 3143 μὲν
1036 3084 1123 3141 τῆς
1143 3082 1298 3145 τύχης
1328 3100 1473 3148 στρα-

395 3162 551 3224 inno&
569 3160 716 3219 δίκην·
741 3161 976 3225 adeoque
1001 3174 1180 3210 verum
1205 3167 1287 3210 est
1308 3162 1473 3211 inter-

398 3240 520 3289 dum
537 3238 694 3288 illud‘:
731 3240 748 3267 ‘
767 3238 942 3287 Vitam
968 3236 1102 3302 regit
1127 3236 1355 3302 fortuna,
1368 3254 1471 3289 non

398 3314 698 3381 sapientia?
720 3314 858 3382 quod
871 3314 1044 3366 firmat
1054 3315 1346 3380 Sallustius,
1357 3318 1473 3369 Cat.

399 3400 449 3445 8.
471 3399 516 3443 1.
541 3394 556 3422 ‘
579 3391 830 3444 Profecto
845 3389 1060 3442 fortuna
1081 3394 1134 3441 in
1160 3394 1296 3443 omni
1313 3408 1367 3443 re
1385 3395 1475 3444 do-

336 3493 350 3508 ·
397 3470 661 3522 minatur!
700 3468 771 3519 Et
787 3470 917 3520 illud
945 3470 1164 3520 alterum
1185 3470 1471 3522 Italorum:

404 3550 517 3599 Noa
537 3550 618 3597 val
651 3550 801 3609 virtu,
835 3562 866 3595 a
900 3546 980 3595 chi
998 3546 1204 3605 fortuna
1239 3546 1475 3598 incontra.

401 3626 490 3675 Sic
513 3624 566 3674 in
593 3624 731 3674 bello
755 3622 918 3685 civili,
941 3622 1082 3689 quod
1106 3628 1166 3673 ut
1203 3623 1280 3673 ait
1300 3624 1472 3674 Tacit.

400 3700 544 3752 nist.
561 3706 611 3763 8,
631 3706 714 3762 59,
739 3704 790 3751 3.
821 3699 1121 3749 ‘Vitellium
1145 3708 1289 3750 retro
1312 3698 1473 3751 fortu-

401 3789 469 3828 na
493 3778 672 3842 vertit,
692 3790 808 3842 quae
831 3776 1092 3827 Flavianis
1127 3776 1349 3827 ducibus
1371 3792 1475 3828 non

403 3855 572 3905 minus
607 3868 749 3919 saepe
790 3868 946 3919 quam
987 3853 1122 3904 ratio
1160 3852 1327 3904 adfuit
1344 3854 1378 3905 τ’
1419 3862 1478 3905 et

405 3934 614 3984 Curtius
657 3936 740 3994 10,
763 3937 815 3995 5,
837 3934 919 3982 35.
961 3928 1181 3995 fatetur,
1215 3932 1231 3959 ‘
1249 3929 1478 3981 Alexan·

313 4034 326 4040 -
405 4010 575 4071 drnm,
601 4008 963 4059 cum'multum
1002 4006 1244 4057 debuerit
1277 4008 1481 4065 virtuti,

403 4087 520 4150 plus
543 4086 786 4136 debuisse
803 4082 1062 4134 fortunae!
1130 4083 1328 4133 Contra
1359 4082 1480 4134 ‘In-

407 4162 726 4225 guiomerum
744 4158 952 4211 fortuna
963 4156 1128 4224 magis
1145 4172 1297 4224 quam
1313 4160 1480 4210 virtus

405 4237 718 4303 deserebat,’
742 4234 880 4302 apud
901 4234 1073 4287 Tacit.
1088 4238 1138 4299 2,
1159 4238 1242 4299 21,
1259 4239 1306 4287 ⁸.
1341 4236 1479 4287 Nam

1529 2472 1825 2522 viderentur.

1075 327 1308 379 ⁸01·AE
1361 285 1767 380 vammum}
1816 327 1899 379 IN

1530 471 1548 502 ⁸
1566 474 1636 537 ei,
1670 474 1757 538 qui
1795 473 1862 524 ad
1895 473 2148 525 virtutem
2184 469 2374 536 tendit,
2396 469 2607 525 etiamsi

1532 551 1749 600 multum
1790 551 2066 616 processit,
2120 565 2251 615 opus
2306 557 2390 601 est
2424 557 2605 602 tamen

1534 629 1708 692 aliqua
1751 627 1977 679 fortunas
2014 628 2383 694 indulgentia,’
2430 629 2608 694 inquit

1532 707 1734 757 Seneca
1754 722 1867 772 cap.
1894 711 1975 760 16.
1992 707 2060 758 de
2081 707 2209 757 Vita
2230 709 2419 759 Beata.
2459 707 2607 758 Hinc

1533 781 1735 833 Plinius
1755 781 1773 812 ⁶
1788 785 2063 853 plurimum
2078 783 2307 834 referre’
2328 791 2502 850 putat,
2516 785 2533 812 ‘
2550 783 2607 833 in

1535 871 1652 924 quoe
1678 860 1929 924 cujusque
1962 859 2125 910 virtus
2146 865 2387 924 tempora
2406 859 2609 910 incide-

1534 937 1633 998 rit;
1690 937 1746 986 in
1800 937 1975 987 miultis
2020 937 2155 986 enim
2198 936 2407 987 virtutis
2444 950 2610 1000 opera

1534 1027 1721 1078 magna
1752 1012 1931 1077 fuisse,
1966 1013 2062 1063 sed
2096 1013 2295 1078 majora
2330 1011 2609 1062 fortnnaez’

1533 1093 1584 1150 7,
1624 1095 1710 1141 28.
1794 1091 1931 1154 Haec
1966 1103 2093 1154 ergo
2137 1089 2425 1152 saepissime
2466 1089 2607 1152 Pop.

1534 1168 1684 1219 Rom.
1690 1169 1850 1234 juvit,
1862 1167 2051 1226 erexit,
2072 1164 2322 1223 restituit,
2340 1171 2400 1214 nt
2417 1164 2610 1228 passim

1533 1245 1771 1309 legimus.
1854 1239 2079 1294 'Unicum
2112 1241 2286 1292 Taciti
2324 1242 2499 1291 locum
2536 1241 2610 1294 H.

1536 1326 1584 1374 8.
1606 1325 1690 1387 46,
1711 1327 1762 1373 6.
1785 1328 2063 1372 annotasse
2096 1317 2352 1370 sufficiat.
2386 1315 2615 1380 ‘Affnit‚

1538 1405 1597 1448 ut
1633 1411 1776 1463 saepe
1819 1399 1969 1460 alias,
2008 1396 2220 1447 fortuna
2256 1393 2394 1458 Pop.
2440 1385 2614 1444 Rom.

1538 1475 1785 1525 Ceterum
1808 1474 2145 1524 Marcellinus
2168 1475 2353 1534 14,14
2374 1475 2613 1520 nostrum

1536 1551 1791 1614 imitatur,
1812 1565 1962 1616 quem
1986 1549 2109 1599 vide
2132 1549 2176 1598 si
2206 1547 2371 1610 lubet,
2404 1552 2462 1596 et
2482 1543 2613 1596 Plu-

1538 1627 1706 1678 tarchi
1732 1627 1919 1678 librum
1948 1626 2015 1676 de
2038 1624 2253 1676 fortuna
2288 1622 2478 1687 Populi
2502 1620 2612 1672 Ro-

1538 1705 1759 1769 mani,et
1774 1701 2071 1754 Albos-icum
2084 1700 2350 1752 Gentilem
2371 1699 2440 1748 de
2456 1697 2615 1748 armis

1538 1782 1688 1831 Rom.
1712 1784 1760 1830 2.
1783 1785 1865 1831 12.
1886 1788 1944 1832 et
1968 1783 2047 1830 18.
2116 1777 2255 1830 Item
2286 1777 2534 1828 Sit—an.
2554 1773 2615 1823 in

1538 1858 1725 1908 Rutilii
1758 1858 1945 1909 Itiner.
1982 1858 2073 1908 lib.
2094 1873 2137 1908 ι.
2172 1871 2307 1907 vers.
2340 1859 2425 1906 62.
2459 1853 2614 1904 Idem·

1540 1933 1679 1984 Add.
1718 1935 1861 1999 Lips.
1902 1935 1971 1984 de
2004 1933 2233 1997 Magnit.
2271 1933 2411 1996 Pop.
2456 1930 2615 1980 Rom.

1540 2025 1618 2061 w.
1639 2016 1687 2062 1.
1710 2017 1767 2062 et
1790 2012 2068 2077 spanhem.
2092 2011 2157 2061 ad
2175 2009 2372 2063 Julian.
2396 2008 2548 2059 Orat.
2572 2023 2617 2058 1.

1541 2101 1593 2152 p.
1615 2091 1730 2137 soo.

1617 2163 1911 2229 Videntur]
1933 2163 2136 2230 Optimi
2158 2163 2283 2214 libri
2296 2165 2480 2227 legunt
2498 2162 2583 2211 hic
2598 2177 2615 2212 ε

1540 2241 1834 2292 viderentur.
1914 2241 2069 2294 Quod
2111 2241 2277 2302 magis
2329 2240 2495 2304 probo
2546 2251 2617 2288 ex

1541 2317 1694 2384 genio
1714 2318 1883 2370 Flori:
1916 2323 1971 2369 ut
2003 2321 2077 2369 act
2104 2317 2480 2368 emistituendm
2514 2314 2620 2376 <ins

1542 2396 1795 2461 imperium
1828 2396 2121 2446 contendisse
2148 2396 2303 2444 virtus
2338 2398 2388 2444 et
2410 2392 2621 2455 fortune

1926 2472 2015 2522 Sic
2066 2470 2204 2521 infra
2244 2486 2365 2535 cap.
2402 2474 2452 2520 0.
2500 2470 2621 2519 ‘Ut

1543 2548 1697 2613 plane
1721 2548 1961 2612 publicus
1984 2560 2174 2612 parens
2208 2548 2261 2596 in
2294 2548 2464 2597 locum
2486 2544 2619 2596 libe-

1546 2638 1717 2674 rorum
1741 2622 2022 2687 adoptasse
2060 2623 2162 2674 sibi
2202 2623 2450 2688 populum
2473 2622 2619 2672 vide-

1544 2699 1725 2750 retur!
1756 2698 1861 2750 Sal.
1926 2700 2015 2751 Ita
2036 2701 2168 2765 Reg.
2194 2701 2258 2762 F,
2282 2698 2420 2750 Flor.
2444 2700 2621 2751 Berol.

1547 2777 1739 2836 Dniab.
1778 2784 1834 2826 et
1871 2791 1973 2827 om.
2012 2776 2098 2827 ed.
2181 2776 2254 2827 Et
2304 2774 2621 2825 confirmant

1548 2856 1682 2906 hanc
1718 2856 2029 2920 scripturam
2054 2854 2207 2906 Voss.
2222 2858 2273 2905 2.
2294 2858 2341 2905 3.
2367 2854 2539 2919 Ryck.
2562 2860 2621 2905 et

1550 2934 1716 2997 Magl.
1742 2946 1961 2997 quorum
1984 2932 2037 2981 in
2060 2932 2161 2981 illis
2184 2938 2266 2982 est
2292 2929 2621 2993 oiderdmstn

1549 3010 1648 3058 hoc
1685 3010 2025 3057 viderer-entur.
2107 3006 2223 3057 Nec
2262 3014 2434 3057 tamen
2470 3006 2621 3057 dete·

1550 3085 1741 3134 riorem
1763 3088 1943 3147 putem
1968 3084 2253 3147 vulgatam.
2403 3125 2409 3131 .

1614 3162 1658 3225 ξ.
1684 3165 1714 3210 8
1742 3161 1901 3217 Quare
1921 3176 2061 3224 quum
2070 3161 2305 3225 precipue
2321 3160 2408 3210 hoo
2428 3172 2623 3224 quoque,

1548 3242 1671 3290 sicut
1683 3238 1860 3302 cetera]
1887 3238 2133 3302 Optimus
2150 3236 2205 3287 8.
2229 3235 2437 3287 Nazarii
2454 3234 2623 3287 liber:

1554 3316 1719 3372 Quare
1733 3330 1873 3383 quum
1894 3314 1937 3363 si
1954 3315 2191 3378 precipue
2211 3313 2297 3362 hoc
2318 3326 2495 3377 qnoque
2515 3328 2622 3376 ope-

1550 3408 1621 3442 τω
1640 3391 1925 3455 pretimsit
1942 3403 2214 3453 cognoscere
2230 3406 2247 3439 .-
2278 3389 2479 3439 omissis
2500 3389 2626 3453 illis,

1551 3470 1674 3519 sicut
1696 3474 1869 3518 cetera.
1940 3468 2097 3517 Forte
2114 3466 2421 3529 legendnm:
2462 3464 2626 3521 Quare

1551 3562 1693 3611 quum
1712 3547 1951 3611 proeeipue
1984 3546 2069 3595 hoc
2104 3558 2281 3609 quoque
2299 3558 2452 3607 operes
2476 3544 2625 3608 preti-

1552 3639 1631 3673 um
1651 3624 1717 3673 sit
1756 3638 2047 3685 cognoscere.
2079 3622 2187 3671 Sal.
2254 3622 2371 3671 Duo
2394 3622 2485 3671 illa
2506 3624 2625 3687 pos-

1554 3708 1722 3752 trema
1746 3700 1907 3750 verba
1930 3700 2118 3749 absunt
2142 3713 2172 3748 a
2195 3697 2503 3763 quibusdam
2526 3700 2625 3750 eti-

1556 3792 1640 3828 am
1664 3777 1878 3841 optima·
1902 3782 2069 3825 uotoe:
2104 3774 2197 3824 sed
2221 3771 2341 3839 quia
2378 3776 2429 3824 in
2463 3775 2627 3825 omni-

1556 3853 1649 3905 bus
1682 3867 1809 3920 quas
1841 3852 2020 3903 videre
2056 3851 2279 3916 contigit
2312 3849 2629 3901 editionibus

1556 3930 1871 3990 retinentur,
1909 3928 2023 3991 ipse
2069 3926 2229 3976 etiam
2272 3925 2387 3977 loco
2416 3938 2626 3977 mouere

1556 4006 1720 4055 nolui.
1784 4004 2063 4053 Salmasius
2096 4016 2163 4053 ex
2200 4002 2510 4066 Natarum,
2534 4006 2625 4068 qui

1555 4082 1731 4142 habet,
1753 4094 1895 4145 meum
1915 4081 1960 4129 si
1996 4079 2251 4143 proect'pue,
2288 4077 2435 4135 facit,
2464 4094 2629 4141 quam-

1556 4157 1629 4206 m's
1646 4156 1894 4221 praecipue.
1930 4156 2020 4205 Fr.
2090 4154 2308 4206 Retinet
2334 4154 2541 4219 quidem
2564 4156 2625 4205 li-

1559 4232 1651 4283 ber
1676 4232 1974 4299 Ryckiauus
2004 4224 2098 4282 has
2140 4230 2276 4295 duas,
2310 4230 2629 4297 voeessss'cae
