2910 4693
494 319 625 383 564

492 492 559 527 ex
580 475 645 527 Ρ.
668 478 718 525 5.
743 477 825 525 11.
874 471 893 502 ‘
912 473 971 523 Si
994 473 1131 537 quis,
1155 480 1217 523 ut
1246 474 1303 522 in
1338 474 1552 539 populo,

490 554 581 619 qui
600 552 733 609 sitis,
752 556 809 600 et
832 550 986 609 unde,
1015 549 1286 615 requiret.’
1346 552 1415 600 Et
1449 550 1552 599 Pe-

492 639 629 679 tron.
652 640 845 677 cxxiv.
906 628 921 655 ‘
946 626 1231 677 Incidimus
1268 627 1321 676 in
1347 625 1550 677 turbam

485 704 904 767 heredipetarum
960 700 1357 765 sciscitantium,
1412 701 1550 767 quod

486 796 650 845 genus
672 780 947 840 bominum,
960 784 1053 828 ant
1070 777 1206 826 unde
1230 772 1548 829 veniremus?

486 852 679 907 Scheff.
698 856 751 903 111
774 853 993 903 Advers.
1014 852 1145 915 Cap.
1168 856 1251 903 25.
1294 853 1440 916 (Vol.
1466 866 1548 903 lx.

488 930 620 982 Obs.
662 930 862 981 Miscel.
896 943 949 991 p.
981 927 1124 991 817.)
1152 928 1335 977 scribit
1356 929 1548 977 Salma-

484 1007 617 1056 sium
640 1012 905 1056 auctorem
924 1018 1039 1055 esse
1050 1005 1306 1063 lectionis,
1322 1006 1405 1068 qui
1423 1005 1550 1053 euius

482 1088 587 1145 aut,
624 1089 681 1132 et
702 1082 837 1133 Edd.
857 1081 1000 1131 Flori
1036 1089 1157 1132 aute
1191 1082 1421 1132 Freinsb.
1459 1082 1547 1132 ha-

484 1158 629 1221 bere,
648 1157 729 1220 qai
748 1162 907 1207 autem
942 1162 993 1205 et
1009 1174 1029 1215 ,-
1074 1170 1137 1207 ac
1173 1156 1361 1205 deinde
1383 1157 1546 1220 conji-

480 1232 579 1294 cit,
598 1234 829 1281 1113111111111
843 1234 959 1295 (qui
975 1236 1135 1281 autem
1155 1238 1203 1281 ee
1222 1234 1343 1281 unde
1354 1229 1416 1294 ξ’)
1448 1232 1547 1281 Ro·

484 1309 654 1359 mnis.
694 1308 837 1357 Nihil
858 1322 985 1371 opus
1008 1314 1089 1357 est
1108 1308 1205 1357 hac
1228 1308 1545 1371 conjectura.

484 1386 639 1437 ssim.
662 1398 727 1433 ex
747 1382 877 1437 Mss.
890 1384 1015 1433 euim
1032 1384 1205 1447 posuit
1220 1399 1315 1447 pro
1334 1390 1510 1435 autem.

548 1463 593 1525 ς.
617 1466 647 1509 6
683 1460 831 1510 Hunc
850 1459 1051 1523 quoque]
1064 1460 1361 1522 Legationis
1375 1460 1468 1523 jus
1487 1467 1545 1510 ut

482 1550 549 1585 ex
574 1536 805 1599 gentium
833 1534 1060 1583 moribus
1081 1534 1329 1596 originem
1366 1536 1546 1599 traxit,

482 1612 562 1661 ita
605 1612 883 1662 violatores
925 1611 1039 1674 ejus
1082 1612 1289 1673 semper
1326 1611 1543 1662 infames

480 1687 735 1753 invisique
775 1685 941 1748 fuere,
986 1687 1323 1752 maximisque
1378 1689 1542 1751 poenis

480 1762 676 1813 affecti.
742 1762 824 1811 De
841 1776 944 1826 qua
961 1776 1019 1811 re
1036 1768 1267 1812 tractare
1283 1761 1541 1825 professos

479 1837 597 1901 lege
638 1838 979 1899 Pascbaiium,
1002 1851 1117 1898 cap.
1136 1840 1217 1887 26.
1253 1838 1541 1900 Gentilem,

478 1913 571 1962 lib.
608 1916 659 1963 2.
696 1928 741 1963 c.
763 1917 843 1962 14.
892 1912 1108 1961 Freder.
1137 1911 1205 1960 de
1236 1912 1540 1975 Marselaer,

477 1987 620 2037 Diss.
662 1990 741 2037 18.
781 1990 881 2037 διο.
932 1988 1173 2050 exempla
1212 1994 1402 2050 prester
1441 1989 1540 2039 hoc

478 2068 601 2111 sunt
634 2061 685 2109 iu
724 2062 941 2123 Nostro,
961 2066 1011 2110 2.
1032 2066 1084 2123 ὅ,
1116 2066 1167 2111 8.
1206 2070 1263 2111 et
1300 2064 1349 2112 2.
1376 2067 1454 2126 16,
1487 2068 1537 2113 8.

478 2135 633 2187 Adde
672 2138 800 2187 Tac.
839 2138 909 2186 H.
935 2140 983 2187 8.
1002 2141 1087 2200 80,
1103 2143 1153 2201 5,
1188 2144 1245 2187 et
1260 2141 1311 2187 6.
1346 2138 1536 2191 Zonar-

478 2220 605 2263 tom.
626 2217 677 2263 8.
708 2228 763 2277 p.
784 2217 867 2262 69.
902 2214 991 2263 Fr.

548 2288 823 2339 chamum
850 2293 1120 2354 eur-pemque
1154 2290 1287 2339 dictu
1303 2294 1536 2339 contum·

434 2417 442 2428 ,
476 2365 615 2427 ls‘am]
648 2365 770 2415 Non
794 2373 1029 2428 tempero
1051 2367 1193 2428 1111111,
1230 2368 1356 2431 quin
1377 2368 1536 2432 insig-

476 2453 597 2488 nem
627 2439 803 2488 multis
832 2437 899 2488 de
936 2441 1130 2488 caussis
1166 2441 1433 2490 historiam
1469 2455 1533 2490 ex

478 2515 731 2578 Dionysio
756 2515 1010 2578 Excerpt.
1034 2515 1214 2578 Legat.
1240 2530 1315 2564 xv.
1340 2515 1534 2565 adscri-

474 2590 614 2640 bam·
645 2591 660 2618 ‘
684 2591 813 2640 eum
852 2591 1185 2640 Postbuinius
1220 2592 1425 2655 legatus
1465 2591 1532 2642 ad

473 2667 789 2728 Tarentinos
808 2669 990 2716 missus
1024 2673 1183 2728 esset,
1216 2674 1272 2717 et
1297 2667 1534 2732 quedam

472 2740 613 2805 apud
652 2755 745 2791 eos
782 2746 1094 2804 experimen
1126 2741 1395 2790 Tarentini
1430 2757 1532 2792 non

470 2815 625 2866 modo
662 2829 765 2864 non
800 2815 1137 2865 attenderunt
1170 2814 1395 2876 auimos;
1443 2831 1534 2866 ve-

472 2906 588 2942 rum
608 2891 765 2948 etiam
800 2890 845 2939 si
882 2889 1005 2954 quid
1038 2889 1105 2939 ab
1140 2903 1207 2940 eo
1244 2889 1530 2955 diceretur,

471 2967 609 3032 quod
646 2979 749 3016 non
784 2966 1171 3015 exactissimum
1208 2965 1383 3016 Graeci
1423 2982 1530 3016 ser-

468 3043 635 3094 monis
674 3043 1030 3092 characterem
1068 3039 1313 3103 referret,
1356 3041 1528 3090 obser·

470 3118 663 3168 vabant
716 3131 777 3166 ac
833 3116 1091 3178 ridebant,
1144 3122 1201 3165 et
1252 3115 1528 3166 barbarum

469 3191 785 3252 vocitabant,
848 3205 911 3240 ac
971 3189 1179 3240 tandem
1234 3204 1265 3240 e
1322 3191 1527 3241 theatro

468 3265 767 3330 ejiciebant.
854 3265 1087 3329 Cumque
1131 3266 1355 3329 abirent,
1394 3281 1526 3317 unus

470 3356 538 3390 ex
592 3341 657 3390 iis
714 3341 803 3412 qui
864 3341 915 3391 in
976 3341 1201 3391 transitu
1246 3341 1528 3394 adstabant

465 3417 781 3479 Tarentinis,
830 3418 1037 3466 nomine
1078 3417 1398 3482 Philonides,
1438 3420 1527 3469 bo-

466 3509 551 3544 mo
594 3493 845 3556 scurrilis,
892 3492 983 3557 qui
1026 3509 1057 3542 a
1092 3493 1395 3556 vinolentia,
1438 3495 1526 3544 cui

466 3583 563 3632 per
616 3577 779 3619 totam
834 3567 993 3618 vitam
1054 3568 1260 3619 deditus
1328 3566 1524 3632 fuerat,

462 3645 827 3707 appellabatur
868 3645 1073 3707 Cotyla,
1112 3645 1357 3695 besterna
1388 3646 1524 3697 ebri-

465 3723 609 3766 etate
664 3719 947 3770 etiamnum
990 3719 1267 3784 distentus,
1316 3735 1377 3772 ut
1430 3736 1523 3786 ap·

464 3795 886 3856 propinquarunt
925 3795 1107 3859 legati,
1147 3797 1355 3848 sublato
1398 3800 1523 3848 ami·

466 3866 605 3928 culo,
637 3875 693 3916 et
715 3881 935 3931 corpore
970 3871 1037 3918 ad
1073 3870 1521 3924 obscoeulssimum

462 3941 695 3992 habitum
716 3944 1021 4008 composito,
1054 3946 1231 3996 sordes
1254 3947 1520 3999 nominatu

461 4015 731 4068 indecoras
752 4033 898 4068 sacro
919 4020 1079 4084 legati
1104 4022 1410 4072 vestimento
1432 4024 1520 4072 ad-

463 4092 672 4155 spersit,
710 4093 795 4142 ubi
828 4108 945 4144 cum
982 4103 1151 4146 totum
1182 4097 1441 4148 theatrum
1465 4099 1518 4148 in

464 4167 623 4217 risum
668 4170 963 4236 erupisset,
1004 4177 1061 4220 et
1118 4172 1520 4236 petulantissimi

1197 330 1412 380 NOTAE
1463 330 1862 380 vammum
1915 332 2016 383 IN:

1627 475 1820 540 quique
1839 473 2078 525 manibus
2099 470 2508 539 complaisant,
2536 474 2688 524 Post-

1624 551 1822 599 bnmins
1860 548 2186 599 Philonidem
2223 549 2473 599 intuitus:
2531 548 2690 600 Acci-

1625 625 1842 690 piemus,
1863 626 2047 690 iuquit,
2067 638 2236 682 omen,
2257 640 2288 675 ο
2311 638 2528 686 scurra;
2563 627 2688 691 quia

1624 701 1760 752 datis
1778 702 1926 751 nobis
1961 702 2116 751 etiam
2138 715 2220 762 ea,
2257 715 2374 765 qum
2409 715 2514 751 non
2551 702 2688 766 peti-

1623 792 1754 827 mus.
1821 778 2024 827 Deinde
2051 776 2116 825 ad
2151 776 2540 826 multitudinem
2563 792 2686 827 con·
2717 794 2725 799 ·

1624 866 1818 914 versus,
1854 861 2052 903 vestem
2089 852 2403 902 contumelia
2439 851 2684 905 affectam

1623 929 1872 991 ostendit,
1900 942 2119 993 cumque
2142 927 2308 977 adhuc
2343 929 2597 992 majorem
2619 944 2686 979 ex

1622 1004 1860 1054 omnibus
1885 1004 2044 1053 risum
2069 1004 2194 1053 oriri
2221 1009 2484 1067 cerneret,
2513 1012 2572 1055 et
2596 1020 2684 1054 vo-

1623 1092 1712 1128 ces
1741 1079 2058 1144 quorundam
2091 1079 2414 1129 illaetautium
2446 1080 2686 1143 petulan-

1623 1154 1852 1217 tiamque
1869 1154 2188 1203 laudantium
2207 1153 2438 1204 audiret:
2475 1155 2687 1219 Ridete,

1621 1230 1809 1295 inquit,
1838 1230 2120 1292 Tarentini,
2156 1228 2326 1279 ridete
2361 1230 2482 1279 dum
2517 1230 2682 1291 licet;

1620 1320 1740 1356 nam
1765 1313 1883 1369 post
1916 1306 2030 1357 haec
2049 1305 2143 1356 din
2162 1305 2376 1366 flebitis.
2443 1306 2530 1357 Ad
2551 1322 2682 1372 quas

1619 1383 1784 1432 minas
1803 1398 1920 1433 cum
1941 1383 2168 1431 nonnulli
2205 1382 2646 1445 exasperarentur
2663 1400 2678 1433 ε

1619 1456 1693 1507 Et
1730 1468 1790 1507 ut
1827 1458 2010 1521 magis,
2047 1458 2235 1522 inquit,
2268 1458 2678 1521 stomacbemini,

1619 1532 1775 1582 etiam
1815 1532 1912 1583 boc
1951 1533 2092 1584 vobis
2130 1533 2366 1597 dicimus,
2414 1548 2507 1583 vos
2541 1534 2680 1584 hanc

1619 1616 1816 1658 vestem
1837 1610 2001 1660 multo
2021 1608 2268 1673 sanguine
2289 1610 2554 1660 elaturos!
2584 1610 2682 1659 Fa·

1619 1691 1736 1733 teor
1777 1698 1878 1733 non
1919 1685 2199 1734 convenire
2239 1684 2496 1749 instituto,
2541 1688 2678 1735 tales

1615 1760 1940 1810 narrationes
1961 1761 2209 1823 inserere,
2239 1760 2332 1809 sed
2355 1775 2474 1809 cum
2497 1760 2562 1810 ad
2587 1776 2680 1811 ex-

1617 1831 1915 1897 plicandum
1934 1836 2164 1887 auctoris
2203 1837 2370 1886 locum
2409 1838 2676 1901 praecipue

1613 1906 1793 1973 faciat,
1828 1925 1927 1961 nec
1959 1911 2086 1961 alibi
2123 1911 2262 1961 idem
2296 1911 2674 1976 admiserimus,

1615 1986 1816 2035 veniam
1847 1986 2176 2037 merebimur.
2243 1988 2392 2037 Facit
2423 2002 2544 2038 cum
2577 1988 2676 2039 Di-

1613 2074 1762 2125 onys.
1785 2063 1900 2113 Val.
1939 2064 2018 2113 Μ.
2055 2067 2105 2113 2.
2129 2066 2180 2123 2,
2215 2068 2263 2113 6.
2309 2063 2500 2127 Polyb.
2537 2068 2584 2112 1.
2621 2068 2674 2115 7.

1611 2150 1714 2186 non
1737 2138 1981 2200 exprimit
2003 2152 2166 2201 genus
2193 2140 2540 2200 contumelia,
2577 2139 2674 2189 sed

1611 2210 1869 2274 scia-‚mm
1903 2218 2073 2263 vocat.
2108 2214 2320 2265 Quanta
2349 2228 2478 2263 vero
2512 2228 2576 2264 ea
2594 2216 2674 2264 in·

1599 2287 1740 2353 ,iuria
1777 2287 1954 2349 fuerit,
1999 2294 2056 2337 et
2093 2302 2248 2353 quam
2271 2289 2422 2353 justo
2463 2304 2670 2358 quoque
2705 2341 2710 2352 ,

1611 2363 1746 2414 bello
1789 2365 2006 2414 Romani
2049 2371 2329 2429 propterea
2365 2367 2672 2418 Tarentinos

1611 2438 1872 2502 persecuti
1896 2439 2019 2501 siut,
2055 2439 2244 2490 exinde
2267 2448 2505 2505 apparet,
2527 2443 2668 2506 quod

1608 2513 1769 2562 etiam
1808 2513 1862 2563 in
1921 2514 2139 2577 privatis
2177 2516 2486 2580 horninibus,
2527 2518 2671 2582 apud

1609 2602 1736 2652 quos
1753 2598 2024 2653 respectus
2045 2590 2145 2640 iste
2157 2591 2294 2654 juris
2313 2592 2548 2654 gentium
2561 2605 2670 2642 ees-

1609 2673 1709 2729 sat,
1725 2682 1818 2731 pro
1840 2668 2006 2718 atroci
2023 2668 2338 2721 contumelia
2357 2671 2668 2733 acceperint

1607 2739 1728 2792 fimo
1757 2741 2004 2806 corrupto
2027 2741 2298 2808 perfundit
2331 2744 2364 2794 1.
2385 2749 2430 2794 1.
2453 2747 2500 2808 §.
2523 2750 2574 2794 1.
2597 2745 2676 2796 Β..

1607 2817 1674 2866 de
1697 2807 2012 2868 extraordin.
2035 2819 2237 2869 crimin.
2254 2820 2446 2883 juncta
2467 2821 2502 2870 l.
2523 2825 2576 2870 9.
2597 2821 2666 2872 de

1605 2891 1762 2955 injur.
1797 2894 1971 2944 Livius
1993 2894 2138 2958 Epit.
2167 2899 2244 2944 12.
2285 2898 2519 2959 pulsatos
2541 2899 2670 2948 scri·

1604 2965 1701 3016 bit.
1733 2967 1822 3018 Fr.

1669 3041 1884 3090 Exhinc
1899 3041 2090 3107 bellum]
2130 3043 2300 3108 Supra
2334 3047 2544 3109 legend.
2582 3049 2668 3098 bic

1603 3114 1898 3166 docuimus=
1933 3121 1984 3166 et
2016 3118 2124 3167 hinc
2153 3119 2338 3169 bellam.
2407 3121 2529 3172 Nee
2547 3137 2666 3172 seu-

1604 3191 1820 3243 tentiam
1841 3199 2115 3244 mutamus.
2182 3195 2302 3244 Hoc
2335 3195 2456 3246 eod.
2495 3197 2662 3248 libro.

1603 3267 1888 3322 ‘Ferocius
1911 3276 2105 3332 agunt.
2140 3275 2198 3318 et
2219 3269 2340 3320 inde
2355 3274 2668 3324 certamen:

1601 3343 1705 3393 Sal.
1770 3343 1892 3392 Vid.
1927 3358 2068 3408 supr.
2110 3343 2176 3394 ad
2217 3349 2296 3396 18.
2326 3351 2376 3398 6.
2445 3349 2521 3398 Et
2552 3349 2666 3400 luins

1599 3424 1684 3468 est
1721 3419 1774 3468 in
1817 3417 1948 3470 Nan.
1985 3419 2124 3470 Flor.
2143 3421 2297 3470 Voss.
2332 3424 2383 3472 8.
2411 3421 2566 3474 Jord.
2605 3432 2666 3475 et

1600 3491 1720 3544 Ald.
1771 3492 1938 3558 quue
1971 3495 2133 3559 magis
2153 3497 2349 3560 placet.
2383 3498 2554 3561 Ryck.
2577 3503 2658 3549 «τ’

1596 3567 1719 3618 ltine.
1769 3566 2000 3618 Videtur
2028 3569 2270 3620 librarius
2303 3571 2540 3622 indicare
2575 3589 2664 3624 vo-

1596 3645 1757 3696 luisse
1774 3646 2082 3696 varietatem
2111 3647 2390 3711 scripturae
2407 3665 2422 3696 ι
2455 3649 2526 3699 de
2555 3664 2658 3716 qno

1595 3734 1738 3770 more
1752 3721 2076 3770 librariorum
2098 3723 2257 3772 Salm.
2278 3723 2351 3774 ib.
2377 3724 2447 3774 ad
2466 3739 2520 3776 11.
2543 3731 2594 3776 8.

1661 3796 1752 3860 §Al
1781 3795 2138 3860 Mecum]
2162 3797 2249 3848 lta
2263 3812 2344 3862 ap.
2363 3799 2482 3849 Liv-
2500 3805 2554 3850 7.
2577 3806 2660 3865 19,

1593 3875 1643 3922 9.
1674 3875 1690 3901 ‘
1714 3872 1960 3922 Cer-item
1995 3885 2116 3935 pop.
2149 3874 2504 3934 misericordia
2537 3891 2660 3928 con·

1593 3948 1953 4014 sanguinitatis
1962 3949 2424 4014 Tarquiniensibus
2439 3953 2657 4016 adjunc-

1594 4030 1720 4088 tum,
1762 4022 1903 4072 fama
1939 4021 2178 4075 ferebat?
2261 4026 2454 4090 Pyrrhi
2490 4027 2658 4078 verba

1592 4099 1835 4163 leguntur
1857 4115 1938 4164 ap.
1957 4100 2178 4152 Diodor.
2189 4105 2274 4152 22.
2293 4106 2340 4151 1.
2364 4103 2454 4167 qui
2471 4105 2654 4165 etiam,

1591 4175 1680 4228 lib.
1705 4180 1783 4227 16.
1821 4189 1936 4243 cap.
1959 4181 2042 4228 66.
2066 4177 2264 4240 ,similia
2283 4176 2455 4230 refert
2484 4179 2554 4230 de
2574 4180 2658 4242 Ti·⁸
