2910 4693
446 293 582 360 446

450 459 466 486 ⁶
482 456 737 510 Profecto
758 459 877 525 ipsa
898 465 1040 512 terra
1061 461 1246 512 eadem
1282 463 1333 513 vi
1358 462 1522 514 conti-

450 541 607 584 netur
642 541 699 585 et
730 542 845 585 arte
884 542 1120 588 naturae:
1154 538 1353 603 quippe
1380 553 1522 605 qnae,

450 611 725 677 gravidata
742 612 1047 677 seminibus,
1078 615 1251 666 omnia
1270 616 1441 680 pariat
1463 623 1522 668 et

448 687 637 738 fundat
678 702 747 738 ex
783 688 936 740 sese.’
1044 691 1291 742 Caecilius
1341 693 1520 744 Titthe

451 765 592 830 apud
610 764 871 816 Nonium:
907 766 924 795 ‘
944 765 1053 818 Per
1074 768 1321 834 mysteria
1340 769 1423 819 hic
1446 770 1523 819 in-

446 843 666 893 honeste
688 842 976 906 gravidavit
1002 843 1229 909 probro.'
1280 845 1387 896 Ubi
1412 846 1522 897 No·

446 919 595 970 nius:
626 919 925 984 gravidavit,
964 919 1235 984 implevit3
1278 922 1522 974 nimirum

448 995 693 1060 puellam.
760 994 911 1046 Hanc
945 996 1259 1048 locutionem
1290 997 1341 1046 in
1364 998 1522 1048 Floro

448 1086 567 1121 eum
588 1086 691 1123 non
715 1071 1083 1138 intelligerent,
1114 1081 1381 1125 mutarunt
1402 1089 1520 1126 eam

451 1149 507 1198 in
532 1149 633 1200 sibi
656 1149 823 1214 magis
841 1147 1171 1216 familiarem,
1190 1152 1281 1218 qui
1304 1151 1522 1203 rudibus

448 1225 553 1276 illis
570 1225 758 1276 seculis
786 1227 942 1276 istum
980 1227 1291 1292 scriptorem
1314 1234 1408 1278 ant
1428 1227 1519 1278 de·

450 1301 792 1367 scripserunt,
816 1311 909 1354 aut
928 1303 998 1354 ad
1014 1311 1227 1368 captum
1262 1319 1413 1356 suum
1442 1305 1520 1354 iu·

451 1377 801 1441 terpolarunt.
838 1378 1005 1428 (ἶνα.
1072 1379 1282 1444 Lipsius
1312 1393 1522 1446 quoque

449 1453 505 1504 in
528 1452 956 1506 Recitationibus
978 1453 1047 1507 ad
1085 1456 1294 1508 Florum
1316 1457 1520 1521 scribit,

445 1528 709 1590 mutam
730 1545 842 1580 esse
860 1531 1185 1596 purissimam
1204 1540 1261 1584 et
1279 1534 1522 1586 latinissi-

449 1617 587 1655 mam
624 1619 655 1656 e
694 1607 847 1658 Latio
886 1623 1088 1672 vocem,
1124 1623 1225 1660 nec
1256 1611 1522 1675 improbat

450 1681 765 1746 scripturam
790 1698 908 1749 que
928 1692 1014 1736 est
1042 1686 1095 1736 in
1116 1685 1373 1739 Jordane.
1442 1689 1522 1740 Ea

450 1758 605 1808 etiam
644 1759 925 1811 Petronius
958 1761 1171 1812 videtur
1204 1763 1373 1814 fuisse
1396 1778 1520 1815 nsns

449 1835 589 1899 apud
610 1835 868 1887 sarisber.
882 1836 1075 1888 Policr.
1081 1852 1209 1889 vm.
1225 1843 1277 1888 7.
1292 1839 1357 1889 de
1374 1853 1524 1890 crena

449 1909 880 1960 Trimalchionis·
903 1911 1163 1960 ‘Porcum
1186 1914 1261 1960 sic
1284 1915 1522 1974 gravida-

451 1985 497 2034 ri
522 1999 679 2050 posse
701 1983 1008 2036 miraberis?

516 2061 781 2123 abjectus·
762 2077 815 2110 sss
830 2060 1167 2126 profluentem]
1198 2015 1285 2113 Ita
1298 2061 1523 2114 Severus

450 2135 632 2186 Albini
654 2135 789 2187 filios
812 2137 829 2166 ‘
844 2151 963 2187 cum
980 2142 1151 2186 matre
1172 2138 1451 2202 percussit,
1467 2145 1524 2190 et

452 2213 508 2262 ln
544 2210 885 2277 profluentem
924 2211 1086 2276 abjici
1109 2212 1305 2277 jussit.'
1370 2213 1525 2278 eapi-

454 2288 603 2338 toiin.
634 2289 688 2338 in
734 2287 925 2338 Albino
963 2301 1078 2354 cap.
1112 2293 1166 2339 9.
1198 2289 1287 2342 Fr.
1354 2289 1523 2340 Plane

452 2364 636 2417 iisdem
680 2364 855 2416 verbis
903 2365 971 2416 de
1014 2366 1237 2416 Romulo
1299 2366 1521 2419 Quintil.

454 2444 587 2494 lust.
614 2442 711 2495 Or.
734 2457 823 2496 111.
847 2449 897 2497 7.

518 2520 565 2584 §.
578 2521 609 2568 8
630 2520 831 2571 Amnem
855 2520 1104 2585 repressit]
1121 2520 1207 2572 Ita
1220 2520 1519 2585 legendnm.

455 2598 573 2649 Nec
613 2598 889 2664 quicquam
924 2606 1199 2651 mutamus.
1266 2598 1419 2651 Alter
1440 2606 1521 2651 ta-

452 2687 573 2724 men
607 2674 883 2725 Palatinus
917 2676 1101 2728 habetz
1134 2690 1309 2738 agnen
1337 2690 1522 2740 repres-

448 2754 515 2803 sit
530 2753 699 2819 :quod
722 2754 767 2804 si
790 2756 876 2805 cui
890 2754 1365 2820 placet,poi÷ticnm
1384 2755 1518 2807 erit=

449 2831 467 2859 ‘
492 2830 620 2879 Leni
656 2830 773 2881 fluit
808 2832 1019 2896 agmine
1047 2831 1281 2896 Tybris.'
1346 2832 1520 2884 Nimis

450 2906 845 2974 politicummec
868 2909 1107 2972 probum.
1130 2908 1234 2957 Sal.
1304 2908 1403 2958 Est
1422 2910 1520 2960 hoe

450 2986 734 3049 poeticum,
762 2986 893 3035 etin
926 2984 1175 3035 historico
1208 2998 1313 3034 non
1346 2983 1520 3035 feren·

451 3050 593 3111 dum.
622 3060 897 3110 Tiberinus
924 3060 1073 3110 Deus
1088 3059 1307 3109 Tiberis.
1338 3060 1520 3112 Claud.

450 3136 735 3185 OEnnssatu
762 3135 967 3200 Olybrii
1002 3142 1059 3185 et
1093 3134 1345 3185 Probini:
1378 3134 1395 3161 ‘
1415 3134 1518 3185 Ac-

452 3212 598 3276 cepit
626 3212 825 3262 sonitus
850 3211 1025 3262 curvis
1047 3209 1331 3261 Tiberinus
1352 3209 1405 3259 in
1430 3225 1520 3260 an·

448 3290 569 3352 tris,
592 3288 707 3339 Ima
730 3290 862 3340 valle
884 3284 1112 3338 sedens)
1142 3287 1279 3337 Vide
1300 3300 1520 3351 sequen-

450 3365 547 3427 tia,
570 3364 661 3415 ubi
680 3365 955 3429 eleganter
976 3362 1309 3415 describitur.
1352 3364 1519 3417 Groeo.

448 3440 513 3491 In
533 3440 687 3491 Floro
704 3447 761 3491 et
782 3440 887 3490 alia
909 3438 1121 3504 poetica
1142 3445 1281 3498 sunt,
1306 3440 1359 3489 in
1382 3440 1520 3491 bono

448 3515 715 3567 Historico
736 3530 839 3566 nou
860 3513 1091 3567 ferenda.
1138 3516 1211 3566 Et
1232 3516 1403 3579 possit
1418 3516 1518 3567 boc

444 3592 681 3643 scribens
698 3593 870 3643 videri
890 3592 1187 3657 respexisse
1204 3590 1271 3641 ad
1288 3591 1379 3641 ma
1397 3592 1518 3642 Vir·

448 3670 579 3733 gilii,
611 3684 644 3719 a
678 3685 780 3734 quo
818 3682 923 3720 non
966 3682 1135 3733 pauca
1164 3668 1367 3728 sumsit,
1398 3682 1516 3731 qu·

445 3746 665 3795 Salmas.
706 3745 928 3795 adnotat
948 3758 983 3793 e
1009 3744 1161 3808 Virg-
1180 3743 1295 3795 AEn.
1311 3755 1375 3793 ιι.
1396 3746 1512 3793 781.

446 3819 463 3848 ⁸
485 3819 589 3869 Ubi
622 3819 817 3883 Lydius
836 3834 963 3869 arva
986 3818 1136 3869 Inter
1152 3818 1327 3883 opima
1348 3818 1516 3869 virum

446 3896 555 3947 leni
574 3894 693 3945 fluit
710 3896 917 3960 agmine
939 3893 1154 3945 Tibris!
1206 3894 1397 3959 Itaque
1410 3908 1516 3947 non

446 3978 557 4023 tam
588 3972 655 4022 ob
692 3972 829 4021 hanc
868 3971 1125 4021 rationem
1159 3968 1383 4034 prefero
1402 3972 1515 4021 vul·-

446 4054 643 4111 gatam,
664 4059 818 4113 quam
837 4045 975 4112 quod
994 4059 1061 4095 ea
1070 4044 1385 4096 auctoritate
1400 4046 1514 4111 plu·

448 4123 693 4172 rimorum
712 4129 769 4173 et
803 4122 1121 4188 optimorum
1158 4121 1285 4173 Mss-
1318 4126 1377 4171 et
1412 4136 1515 4176 om.

448 4195 531 4247 ed.
552 4196 753 4248 nititur.

1142 317 1359 368 NOTAE
1406 317 1814 370 VARIORUM
1861 319 1944 370 m

1663 463 1818 516 Ubera
1831 464 2062 530 admonit]
2085 463 2232 516 Libri
2245 465 2452 532 quidam
2471 473 2531 518 et
2541 465 2672 520 Jor-

1593 540 1808 590 nandiui
1825 547 2056 594 veteres:
2074 541 2266 593 uberum
2279 544 2442 600 mit.
2466 543 2667 596 Forte:

1591 615 1951 668 ubsrdmit.
2014 616 2259 668 Ana-onst
2279 632 2398 684 pro,
2429 619 2668 680 M,

1594 699 1656 742 ut
1675 707 1926 754 moveo,
1957 699 2016 742 et
2049 693 2238 744 similia
2257 701 2511 744 sexcenta
2545 709 2669 759 pas·

1593 768 1692 820 sim
1723 768 1778 818 in
1811 769 2024 834 scriptis
2062 769 2228 822 libris.
2267 770 2372 822 Sal.
2439 770 2676 822 Concin-

1591 847 1709 896 nius
1731 849 2078 911 ταυτῃὶ*
2093 851 2290 911 qaue
2309 846 2528 910 cogita·
2545 845 2668 898 aba·

1591 921 1819 971 admat-
1856 920 1940 972 ld.
1961 921 2016 972 in
2033 920 2282 987 Append.
2314 923 2416 974 Est
2433 937 2502 973 ea
2524 929 2672 976 vett.

1595 997 1836 1048 Salmasii
1865 999 1982 1048 haic
2015 998 2196 1062 lectio,
2229 1013 2382 1064 quam
2405 999 2524 1062 ipee
2546 1013 2676 1064 pru·

1593 1071 1705 1137 bat,
1725 1087 1822 1123 nec
1843 1073 2112 1138 quisquam
2131 1072 2532 1138 improbaverit.
2585 1074 2668 1124 U-

1595 1153 1738 1198 trum
1756 1155 1932 1200 autem
1956 1163 2082 1200 vera
2109 1150 2235 1214 lupa
2257 1147 2426 1200 fuerit
2447 1149 2672 1202 Romuli

1593 1225 1789 1289 nutrix,
1823 1224 2143 1276 dissentiunt
2174 1231 2440 1276 auctores.
2505 1221 2669 1276 Affir-

1593 1307 1743 1350 mant
1784 1299 2104 1352 Plutarchus
2157 1300 2358 1352 Parall.
2413 1313 2532 1365 cap.
2575 1304 2668 1354 66.

1592 1375 1782 1440 virgil.
1803 1375 1920 1428 AEn.
1941 1380 1990 1438 l,
2011 1379 2128 1426 279.
2192 1373 2304 1426 Cic.
2320 1373 2388 1424 de
2407 1373 2592 1426 Divin.
2607 1379 2668 1442 2,

1593 1456 1676 1504 20.
1746 1452 1892 1503 Naso
1912 1453 2058 1504 Fast.
2079 1455 2130 1518 6,
2149 1455 2234 1502 63.
2263 1449 2358 1501 sed
2378 1456 2435 1501 et
2457 1451 2670 1502 Plinius

1593 1534 1648 1593 8,
1672 1533 1753 1582 17.
1790 1536 1851 1580 et
1882 1533 1965 1592 16,
1991 1533 2073 1580 18.
2135 1527 2380 1582 ,Iustinus
2417 1531 2504 1586 4⁸,
2537 1532 2592 1590 2,
2613 1531 2670 1578 0.

1593 1608 1682 1674 qul
1705 1607 1896 1658 similia
1915 1611 2158 1657 recenset
2177 1605 2244 1654 de
2273 1605 2414 1668 Cyru
2437 1609 2490 1668 1,
2507 1608 2564 1670 4,
2584 1607 2670 1656 10.

1593 1683 1662 1736 de
1693 1684 1932 1734 Hierone
1961 1685 2116 1746 28,4.
2139 1685 2190 1731 7.
2225 1679 2294 1730 de
2329 1679 2544 1730 Habide
2575 1683 2670 1744 u,

1591 1764 1646 1824 4,
1667 1765 1718 1812 6.
1741 1761 1810 1813 ad
1833 1764 1914 1810 11.
1979 1759 2066 1810 Sic
2083 1757 2154 1808 de
2175 1757 2410 1821 AEgistho
2431 1755 2672 1820 Procop-

1593 1837 1684 1888 lib.
1717 1841 1766 1888 2.
1801 1849 1958 1888 versu
1993 1835 2070 1885 th.
2105 1849 2228 1899 pag.
2257 1837 2374 1884 2³⁶.
2407 1832 2476 1883 de
2514 1833 2670 1884 Iamo

1593 1913 1858 1966 Pindarus
1895 1915 2110 1978 olymp.
2131 1913 2328 1976 Hymn.
2347 1915 2399 1962 6.
2463 1912 2672 1963 Contra

1595 1988 1774 2040 Livius
1805 1993 1860 2050 1,
1886 1992 1942 2048 4,
1974 1993 2028 2038 8.
2073 1987 2330 2038 diversam
2363 1987 2671 2052 opinionem

1599 2063 1784 2128 refert,
1835 2078 1992 2130 quam
2051 2062 2264 2114 omnino
2321 2062 2670 2126 amplectitur

1598 2141 1906 2193 Lactantius
1927 2140 2021 2191 lib.
2044 2144 2090 2189 1.
2118 2153 2236 2204 cap.
2257 2142 2340 2190 20.
2372 2139 2426 2188 in
2449 2152 2532 2203 pr.
2556 2139 2667 2190 Eu.

1600 2219 1805 2284 tropius
1829 2223 1946 2282 1‚s.
1971 2218 2030 2266 in
2053 2216 2146 2271 fin.
2213 2216 2350 2266 Vide
2386 2216 2667 2267 Constant.

1595 2296 1896 2346 manassem
1935 2305 2112 2344 rerum
2161 2295 2308 2343 1613.
2385 2290 2524 2342 Item
2561 2291 2674 2342 Ex-

1595 2378 1783 2436 cerpta
1815 2370 2026 2423 Nicolai
2053 2370 2303 2427 Damaso.
2338 2367 2481 2431 apud
2517 2367 2678 2417 Vale·

1595 2447 1748 2497 sium.
1797 2446 1888 2497 Fr.
1975 2444 2194 2509 &qanto
2228 2442 2448 2505 mitum
2481 2448 2568 2493 est
2613 2442 2670 2491 in

1593 2524 1858 2590 plerisque
1879 2522 2113 2588 scriptis,
2126 2526 2186 2573 et
2205 2520 2326 2573 edd.
2341 2521 2406 2571 V.
2427 2534 2532 2571 nec
2555 2534 2664 2572 non

1595 2600 1934 2653 Freinshemii
1957 2606 2014 2651 et
2034 2598 2256 2651 Graevii.

1661 2678 1963 2739 Matremque
1997 2690 2052 2727 ss
2080 2674 2258 2739 gessit]
2310 2674 2522 2725 Nasarii
2565 2672 2672 2725 Go-

1595 2756 1730 2805 dea:
1765 2770 1816 2806 se
1833 2755 1996 2806 cessit.
2047 2754 2204 2805 Cessit
2227 2766 2324 2818 pro
2342 2754 2512 2815 emit.
2543 2753 2672 2805 Jur-

1595 2831 1758 2882 danes
1789 2844 1934 2881 more
1953 2844 2050 2881 suo
2071 2828 2392 2894 explicavit:
2425 2830 2444 2858 ‘
2463 2829 2674 2880 matris-

1593 2922 1694 2972 que
1715 2906 1878 2970 gessit
1901 2902 2164 2955 officium:
2231 2902 2420 2955 Potuit
2451 2910 2512 2954 et
2543 2904 2670 2954 sim-

1595 2984 1780 3047 plicius
1795 2982 1937 3048 loqui
1946 2982 2134 3031 Florus
2156 2986 2476 3044 :manensque
2492 2982 2672 3043 gessit.

1582 3056 1684 3107 Sic
1701 3056 1870 3107 Statio
1901 3056 1918 3085 ⁸
1939 3055 2217 3105 Hominem
2240 3054 2460 3121 gerere!
2518 3054 2672 3121 Apu·

1592 3132 1759 3184 ieius:
1793 3133 1811 3161 ‘
1838 3131 2062 3183 AEdilem
2106 3131 2279 3197 gerit?
2345 3132 2434 3183 Ita
2468 3134 2670 3197 passim

1593 3209 1782 3273 optimi
1821 3216 2064 3261 auctores
2104 3210 2326 3274 loquuti.
2377 3210 2484 3261 Sal.
2573 3212 2668 3263 De

1594 3287 1980 3349 permutatione
2000 3284 2272 3337 literarum
2310 3302 2338 3335 c
2369 3292 2426 3336 et
2457 3301 2519 3351 3,
2554 3286 2670 3341 vid.

1595 3362 1754 3413 etiam
1775 3362 1842 3412 ad
1863 3375 1925 3411 ιι.
1950 3366 1998 3412 2.
2019 3364 2106 3411 27.

1655 3438 1912 3503 Arboreus]
1959 3438 2140 3489 Ficum
2173 3452 2385 3503 nempo,
2423 3439 2525 3493 sub
2561 3457 2670 3508 qua

1591 3528 1842 3566 mammas
1905 3513 2128 3566 dederat
2171 3512 2464 3567 infantibus
2513 3516 2668 3582 lupa,

1591 3606 1710 3656 qn·
1741 3594 1758 3621 ⁴
1785 3591 2112 3643 Ruminalis’
2151 3598 2238 3641 est
2280 3591 2556 3656 appellata
2593 3608 2667 3645 ex

1588 3673 1919 3730 argumento,
1939 3680 2128 3732 nempe
2149 3682 2183 3717 a
2197 3681 2363 3725 ruma,
2383 3667 2424 3734 (⁶
2440 3668 2670 3720 Rumen⁰

1591 3743 1825 3807 appellat
1861 3742 1999 3795 Plio.
2033 3746 2116 3805 16,
2153 3746 2234 3793 18.
2296 3744 2542 3795 ‘Remis'
2577 3752 2668 3797 est

1589 3818 1818 3868 Varroni
1837 3817 1904 3868 de
1939 3818 2018 3867 Re
2039 3818 2192 3869 Rust.
2211 3821 2264 3881 2,
2288 3816 2364 3883 1.)
2393 3818 2536 3883 qnod
2559 3827 2671 3885 est,

1589 3906 1830 3943 mamma.
1862 3892 2051 3945 Festus
2067 3901 2124 3943 et
2140 3892 2416 3943 Plutarch.
2454 3896 2667 3947 Quoest.

1591 3967 1743 4018 Rom.
1778 3971 1861 4019 67.
1910 3967 2090 4017 Livius
2124 3969 2177 4031 1,
2192 3970 2246 4029 4,
2268 3972 2320 4016 6.
2370 3968 2665 4021 ‘Romula-

1589 4056 1702 4093 rem
1725 4050 1962 4094 vocatam
1984 4041 2198 4106 ferunt,'
2235 4050 2297 4093 ut
2315 4043 2394 4095 lta
2411 4059 2444 4095 a
2467 4045 2666 4097 Romu-

1588 4119 1644 4169 lo
1680 4131 1870 4168 nomeu
1909 4118 2194 4183 acceperit.
2259 4120 2504 4171 Meminit
2543 4122 2666 4188 ejas

1587 4190 1810 4243 Tacitus
1833 4198 2067 4245 ean-emo
2088 4190 2280 4245 Annali
2303 4197 2386 4247 18.
2425 4196 2515 4247 Fr.
