2910 4693
451 270 586 337 652

453 433 506 479 8.
541 428 655 477 Liv-
693 438 852 477 xxrx.
891 431 946 477 2.
975 429 1034 477 et
1069 424 1514 477 Auum-Marcell.

454 515 624 553 xvrn.
639 506 720 551 10.
743 500 882 551 Add.
899 500 1080 552 Barth.
1099 500 1166 550 ad
1189 500 1368 551 Claud.
1390 505 1515 550 tert.

453 579 668 631 Consul.
710 577 935 627 Honorii
971 592 1046 627 vs.
1070 580 1152 627 68.
1185 582 1243 627 et
1277 576 1513 627 Freinsh-

454 655 510 705 in
531 653 648 704 Iud.
675 652 833 702 Flori.
895 651 1000 701 Sed
1039 652 1176 701 hunc
1207 666 1422 716 quoque
1442 652 1516 701 lo-

463 744 584 780 cum
624 726 1034 793 reprehenderat
1085 728 1138 777 in
1188 726 1517 779 Prnfatione

453 806 716 867 Gravius,
727 810 986 869 tamquam
1005 804 1282 854 immodico
1305 810 1360 854 et
1377 804 1517 855 inani

455 892 659 935 tumore
695 886 1099 945 turgescentem.
1165 879 1242 930 At
1285 880 1519 944 Begerua

454 965 640 1009 contra
669 957 878 1007 Florum
911 957 927 985 4
951 956 1182 1021 eleganti
1211 957 1422 1007 omnino
1442 956 1519 1007 ai·

453 1035 648 1098 legeris
680 1030 858 1083 usum'
896 1032 1049 1095 dicit,
1084 1034 1100 1061 ‘
1119 1038 1181 1082 ut
1211 1032 1521 1083 ostenderet

457 1109 788 1171 Annibalem,
809 1122 928 1158 cum
951 1108 1200 1158 Romanis
1223 1108 1415 1158 bellum
1427 1107 1518 1156 de·

457 1186 699 1248 stinaret,
721 1184 897 1235 excisa
917 1185 1156 1249 Sagunto
1178 1184 1314 1234 illius
1337 1197 1519 1233 musas

455 1259 785 1325 quaesivisse?
819 1260 891 1309 Et
913 1265 973 1309 ut
993 1259 1342 1323 intelligamus
1363 1273 1520 1320 quam

455 1336 630 1400 lepide
664 1338 742 1387 hai
776 1336 940 1387 lexeis
981 1334 1087 1384 sint
1119 1343 1424 1398 composta,
1460 1340 1521 1385 ut

453 1414 719 1463 tesserulae
739 1426 936 1474 omnes,
955 1425 1210 1477 quamque
1233 1418 1356 1476 apte
1379 1418 1435 1461 et
1453 1410 1519 1461 ad

455 1488 698 1539 amussim
719 1488 801 1537 hic
825 1488 1078 1540 translata
1099 1488 1272 1537 omnia
1295 1484 1522 1550 pro‘priis

455 1563 824 1629 respondeant,
865 1579 934 1614 ex
971 1563 1157 1613 intima
1201 1562 1523 1627 philosophia

453 1653 569 1701 sna,
601 1652 724 1689 nam
745 1652 998 1689 summum
1023 1636 1402 1700 Philosophum
1441 1634 1521 1686 fu-

453 1716 558 1766 isse
581 1716 740 1765 etiam
759 1730 826 1765 ex
849 1715 913 1765 iis
935 1714 1178 1777 cognosci
1198 1721 1387 1778 potest,
1403 1728 1520 1779 qum

459 1792 636 1856 paullo
659 1799 782 1856 post
803 1792 869 1841 ad
905 1806 958 1840 n.
984 1794 1065 1841 14.
1099 1790 1304 1853 scribit,
1345 1789 1523 1851 docet,

453 1871 469 1897 ‘
491 1868 892 1932 tempestatibus
937 1867 1125 1917 excuti
1165 1865 1418 1929 fulmina,'
1464 1872 1523 1917 et

455 1946 470 1973 ‘
489 1943 760 1995 fulminum
815 1943 1138 2007 potissimam
1179 1942 1520 1993 substantiam

455 2033 569 2071 esse
589 2017 798 2083 ignem,’
837 2019 904 2069 ob
923 2032 1139 2084 eamque
1161 2033 1370 2068 causam
1395 2018 1519 2069 nihil

457 2097 644 2145 mirum
666 2110 802 2158 esse,
829 2095 845 2123 ‘
865 2096 908 2145 si
941 2094 1158 2145 fulmina
1197 2100 1254 2144 et
1293 2102 1521 2158 tempes-

457 2172 650 2223 tatibus
693 2180 752 2221 et
803 2172 912 2235 igni
962 2171 1206 2222 dicantur
1267 2170 1519 2221 conflari!

455 2248 562 2299 Sed
595 2249 706 2297 haec
727 2249 918 2309 omnia,
951 2253 1008 2297 et
1027 2262 1144 2313 qua».
1169 2248 1317 2310 plura
1343 2247 1408 2297 de
1431 2262 1521 2311 ge-

459 2324 730 2375 neratione
753 2322 1024 2375 fulminum
1047 2323 1212 2382 addit,
1245 2322 1371 2374 nihil
1393 2321 1523 2374 faci-

459 2408 554 2452 unt
577 2401 640 2451 ad
683 2401 970 2451 orationem
1009 2401 1152 2450 Flori
1189 2400 1316 2450 vitio
1352 2400 1522 2449 inanis

463 2476 701 2538 tumoris,
741 2491 841 2542 quo
885 2491 1000 2526 eam
1041 2476 1275 2528 laborare
1311 2477 1524 2540 judicat

458 2552 722 2614 Groevius,
765 2553 1102 2617 purgandam.
1188 2552 1523 2603 Generentur

457 2627 675 2680 fulmina
698 2629 791 2690 ita,
819 2636 875 2677 ut
901 2629 1012 2678 vult
1031 2629 1300 2692 Begerus:
1337 2627 1431 2676 sed
1454 2641 1522 2676 ex

454 2719 520 2768 eo
543 2719 646 2756 non
668 2704 982 2768 ostenditur,
1009 2719 1146 2768 eum,
1183 2704 1270 2769 qui
1295 2705 1422 2754 velit
1445 2703 1523 2752 di-

457 2795 598 2844 cere,
624 2781 834 2842 benum,
867 2795 970 2845 quo
1009 2781 1254 2830 Romanis
1285 2779 1527 2843 gravissi-

453 2872 553 2908 mae
579 2857 756 2906 clades
771 2857 944 2905 inlatoe
963 2863 1100 2917 sunt,
1115 2869 1182 2904 ex
1203 2854 1448 2906 incendio
1466 2862 1525 2906 et

459 2934 666 2984 excidio
689 2932 907 2997 Sagunti
928 2939 1100 2982 ortum
1119 2939 1222 2995 est,
1253 2933 1388 2982 lianc
1410 2947 1523 2982 sen-

459 3011 680 3060 tentiam
704 3011 782 3058 ita
805 3014 950 3057 recte
972 3006 1184 3070 efferre,
1215 3009 1230 3036 ‘
1251 3007 1374 3058 belli
1397 3015 1523 3058 tem·

459 3096 640 3150 pestas
685 3085 1000 3134 destinatum
1045 3085 1288 3134 Romanis
1326 3083 1523 3134 fulmen

457 3161 746 3224 Saguntino
780 3160 902 3222 igne
943 3157 1231 3209 conflavit!
1298 3161 1402 3212 Qui
1447 3163 1525 3212 ita

457 3237 706 3302 loquitur,
739 3236 854 3300 plus
887 3251 1040 3301 quam
1073 3237 1294 3300 tragice,
1323 3245 1381 3286 et
1419 3252 1524 3288 non

457 3316 678 3364 humane
701 3313 963 3378 loquitur-3
998 3321 1055 3362 et
1092 3313 1183 3376 qui
1215 3327 1278 3361 ea
1301 3315 1523 3377 probare

459 3398 650 3459 potest,
673 3406 776 3441 nou
797 3389 1067 3453 intelligit,
1087 3390 1341 3454 quomodo
1362 3391 1530 3441 homi-

457 3483 552 3519 nes
575 3482 676 3516 non
708 3466 878 3529 inepti
911 3466 1204 3531 loquantur.
1274 3467 1338 3516 In
1361 3467 1525 3516 omni-

461 3548 558 3598 bus
603 3548 876 3612 utriusque
929 3547 1120 3610 lingum
1181 3547 1524 3611 scriptoribus

460 3625 626 3676 obviae
649 3631 770 3674 sunt
807 3625 1126 3687 metaphorae
1167 3638 1200 3672 a
1239 3629 1522 3686 tempesta·

458 3701 598 3752 tibus
619 3701 685 3750 ad
711 3702 861 3751 bella.
925 3701 1031 3750 Sed
1066 3715 1170 3750 non
1211 3700 1364 3751 modo
1395 3699 1525 3750 nulli

459 3790 628 3842 prosae
665 3777 923 3840 scriptori,
963 3792 1140 3827 verum
1181 3791 1252 3826 ne
1281 3777 1522 3842 cuiquam

461 3851 668 3917 quidem
690 3851 862 3914 poetas
882 3853 937 3902 in
958 3861 1190 3902 mentem
1211 3854 1414 3902 venisse
1443 3866 1524 3902 ar·

465 3929 650 3993 bitror,
681 3927 818 3977 utin
841 3941 905 3976 ea
926 3942 984 3976 re
1009 3935 1114 3978 tam
1131 3929 1312 3978 insana
1335 3929 1525 3991 allego-

459 4006 536 4056 ria
559 4011 808 4054 nteretur.
865 4001 1153 4064 Defendet,
1176 4009 1426 4068 quantum
1443 4005 1521 4054 lu·

459 4083 570 4146 bet,
587 4083 706 4145 hoc,
727 4087 784 4131 et
805 4079 908 4131 alia
925 4077 1162 4142 ejusdem
1179 4087 1316 4129 notai
1335 4079 1388 4127 in
1403 4079 1521 4129 Flo·

461 4173 519 4210 ro
553 4159 809 4226 Begerus.
877 4153 1044 4222 Alios,
1081 4154 1170 4220 qui
1210 4154 1265 4208 id
1309 4169 1521 4226 operam
1552 4200 1556 4204 ,

1157 280 1370 333 NOTAE
1417 278 1511 329 vA
1526 280 1825 330 monim
1876 280 1955 329 m

1588 422 1737 487 dant,
1780 430 1841 474 nt
1857 422 2147 489 simplicem
2186 428 2245 475 et
2278 432 2478 475 rectam
2518 424 2659 475 viam

1589 501 1799 571 dicendi
1822 508 2058 565 teneant,
2096 502 2288 567 quique
2324 502 2553 567 cupiunt
2578 502 2661 551 in·

1589 578 1849 642 telligere,
1868 578 2127 643 quomodo
2161 578 2293 628 vitia
2330 586 2389 629 et
2426 578 2659 628 virtutes

1588 652 1835 703 orationis
1852 652 2211 703 discernende
2230 653 2357 719 siut,
2376 668 2661 719 numquam

1590 728 1867 793 poeuitebit
1888 742 2141 779 memores
2170 744 2285 779 esse
2314 744 2515 791 eorum,
2538 746 2661 795 quae

1588 806 1853 870 Longinus
1888 820 1937 856 c.
1974 818 2064 855 ιιι.
2118 806 2183 855 tle
2218 805 2434 856 sublim.
2470 812 2529 857 et
2570 804 2661 856 elii

1590 887 1797 931 veteres
1834 880 2083 945 Magistri
2116 881 2433 947 eloquentiae
2468 881 2536 930 de
2580 881 2661 929 vi·

1556 1000 1564 1005 .
1590 955 1753 1007 tando
1786 957 1938 1019 vitio,
1970 956 2025 1007 in
2058 956 2201 1022 quod
2226 956 2431 1007 Florum
2466 958 2555 1007 liic
2570 957 2665 1007 de·

1590 1034 1793 1096 lapsum
1830 1046 1951 1083 vere
1976 1032 2187 1097 judicat
2224 1032 2482 1096 Gravius,
2520 1047 2663 1097 ιπε-

1596 1115 1873 1172 ceperunt.

1658 1186 1851 1234 Medias
1868 1184 2109 1249 perfregit
2143 1184 2315 1249 Alpes]
2362 1184 2659 1237 Transitum

1591 1259 1861 1310 Annibalis
1894 1276 1989 1324 per
2022 1261 2187 1325 Alpes
2212 1261 2465 1311 describit
2498 1262 2662 1311 Silius

1591 1337 1681 1386 lib.
1706 1341 1755 1387 8.
1780 1336 1927 1401 virg.
1952 1336 2067 1386 AEn.
2087 1342 2167 1387 10.
2189 1342 2271 1387 la.
2292 1338 2415 1389 δαν.
2438 1338 2551 1388 Sat.
2574 1341 2661 1387 10.

1594 1417 1709 1464 147.
1775 1414 1917 1477 Lege
1948 1412 2225 1477 Augustin.
2256 1414 2405 1463 Serv.
2438 1414 2665 1477 Livium,

1592 1488 1740 1541 Plut.
1784 1488 1835 1537 in
1877 1488 1985 1539 vita
2024 1488 2319 1537 Annibalis.
2356 1490 2493 1537 Cum.
2570 1488 2665 1539 Sic

1593 1571 1714 1627 post
1746 1571 1925 1613 natum
1963 1564 2297 1614 Servatorem
2338 1578 2473 1613 anuo
2512 1566 2665 1614 1477.

1594 1641 1609 1667 4
1628 1638 1783 1689 Tur-ci
1806 1651 1901 1701 per
1922 1639 2145 1705 abrupta
2178 1646 2235 1689 et
2272 1640 2409 1689 invia
2440 1640 2663 1705 Alpium

1592 1728 1695 1764 nou
1714 1716 1827 1764 sine
1847 1714 2187 1765 admiratione
2206 1729 2402 1778 eorum,
2418 1716 2507 1781 qui
2522 1718 2667 1779 post-

1593 1805 1659 1841 ea
1710 1791 1848 1841 illius
1903 1792 2105 1841 itineris
2162 1792 2379 1855 vestigia
2412 1791 2667 1841 observa·

1594 1874 1736 1930 runt,
1777 1870 1831 1917 in
1877 1868 2209 1919 Germaniam
2248 1868 2487 1930 irrupere
2505 1866 2541 1916 :'
2572 1868 2668 1917 Sa·

1595 1945 1816 1995 bellicus
1856 1944 2091 1995 Ennead.
2115 1948 2195 1993 10.
2226 1944 2317 1992 lib.
2340 1946 2391 1992 7.
2454 1943 2527 1992 Et
2566 1956 2667 2007 per

1594 2022 1801 2071 easdem
1826 2020 2133 2070 Franciscus
2154 2020 2202 2069 1.
2236 2018 2505 2068 Gallorum
2531 2018 2667 2081 Rex,

1595 2100 1609 2125 ‘
1630 2097 1929 2147 inusitatum
1964 2097 2069 2146 iter
2100 2094 2366 2146 curulibus
2388 2094 2667 2145 tormentis

1594 2170 1835 2239 aperuit!
1914 2173 2095 2225 Jovius
2138 2172 2189 2220 in
2235 2172 2412 2221 Leone
2458 2183 2516 2221 1.
2559 2184 2667 2235 quo

1596 2253 1755 2303 etiam
1779 2265 1947 2316 nuper
1968 2265 2091 2300 usus
2116 2248 2410 2298 Ludovicus
2436 2248 2527 2298 ilie
2544 2248 2667 2299 Jus—

1596 2334 1678 2379 tus
1718 2328 1905 2379 Gallia
1950 2328 2083 2378 Rex.
2166 2324 2449 2390 Eleganter
2487 2330 2667 2375 autem

1596 2405 1765 2454 utitur
1788 2405 1991 2454 Auctor
2012 2415 2140 2452 voce
2171 2402 2190 2430 4
2210 2399 2465 2466 perfregit
2480 2400 2512 2462 ς’
2542 2415 2667 2452 uam

1598 2489 1750 2531 aceto
1774 2486 2065 2530 maceratas
2086 2492 2243 2542 rupes
2281 2485 2340 2526 et
2375 2476 2487 2540 igni
2507 2474 2671 2526 domi-

1599 2564 1677 2606 tas
1700 2556 1907 2606 demum
1932 2553 2265 2604 ferramentis
2282 2553 2535 2600 amolitusx
2547 2558 2633 2601 est
2650 2565 2667 2600 ι

1598 2632 1772 2694 priore
1810 2631 1963 2680 modo
1997 2625 2200 2696 (aceto)
2234 2628 2449 2694 quidam
2484 2627 2665 2691 prodi-

1598 2715 1738 2756 tores
1772 2707 2109 2758 Eleutberam
2142 2707 2316 2756 Cretae
2340 2705 2529 2754 urbem
2548 2705 2669 2762 Me·

1600 2782 1729 2832 tello
1752 2781 2155 2846 expugnabilem
2180 2780 2548 2845 reddiderunt,
2580 2795 2669 2846 ap.

1598 2859 1757 2908 Dion.
1774 2859 1863 2909 lib.
1886 2863 1967 2909 36.
1991 2874 2043 2923 p.
2064 2863 2115 2908 9.
2152 2859 2373 2909 Fremit.

1662 2933 1940 2996 Fabulam]
2004 2934 2184 2983 Livius
2224 2943 2397 2982 tannen
2445 2937 2671 2984 xxl.82-

1597 3009 1773 3059 ‘nives
1796 3024 1962 3074 prope
2002 3009 2455 3072 coeioimmixtas,'
2490 3017 2547 3058 et
2581 3009 2671 3060 alii

1597 3086 1614 3115 4
1626 3087 1758 3150 juga
1782 3085 1995 3150 Alpium
2017 3087 2153 3134 coelo
2173 3083 2344 3134 vicina
2360 3083 2376 3106 '
2396 3099 2540 3149 aaepe
2562 3097 2669 3134 me·

1598 3167 1807 3212 morant
1844 3175 1929 3225 ap.
1964 3161 2284 3226 Rupertum:
2322 3160 2417 3210 sed
2452 3161 2560 3210 vid.
2600 3159 2667 3210 ad

1598 3250 1663 3286 ιι.
1689 3241 1737 3286 2.
1764 3243 1815 3286 5.

1662 3314 1708 3376 §.
1732 3317 1794 3362 10
1828 3313 1946 3362 Nisi
1962 3317 2223 3377 protectum
2251 3315 2467 3378 putrem]
2504 3313 2667 3379 Egre-

1601 3389 1686 3453 gio
1708 3389 1831 3440 huic
1851 3389 1994 3441 facto
2026 3405 2233 3440 versum
2270 3391 2427 3440 istum
2456 3391 2667 3454 Virgili-

1602 3482 1679 3530 us,
1700 3467 1816 3517 AEn.
1840 3471 1919 3518 10.
1956 3472 2070 3518 800.
2114 3470 2467 3533 composuisse
2499 3469 2665 3520 videri

1602 3544 1797 3609 possit:
1832 3544 1848 3573 4
1878 3545 2020 3596 Dum
2064 3545 2274 3609 genitor
2328 3546 2441 3594 nati
2486 3559 2667 3609 parma

1604 3627 1877 3684 protectus
1896 3621 2098 3671 abiret.'
2140 3622 2313 3670 Porro
2335 3619 2543 3671 fallitur
2564 3620 2665 3672 fors

1601 3710 1700 3747 san
1740 3698 1993 3747 memoria
2038 3698 2262 3761 Plinius,
2326 3701 2408 3748 16.
2466 3701 2520 3747 4.
2578 3697 2664 3762 qui

1600 3773 1777 3837 fapud
1800 3772 2069 3822 Trebiam’
2101 3774 2200 3823 hoc
2222 3773 2502 3824 'accidisse
2542 3774 2666 3823 scri-

1601 3849 1711 3900 bit:
1746 3863 1863 3898 nam
1889 3862 1983 3912 pro
2006 3855 2183 3898 nostro
2220 3847 2457 3898 Auctore
2492 3855 2579 3898 est
2606 3855 2665 3900 et

1600 3925 1798 3986 Livius,
1820 3929 1899 3974 21.
1922 3928 2006 3988 ³9,
2029 3928 2108 3973 10.
2126 3929 2183 3973 et
2204 3939 2349 3988 seqq.
2376 3937 2535 3988 capp.
2560 3923 2663 3973 Po-

1598 4001 1781 4067 lyb.⁸.
1804 4005 2011 4053 διάει.
2072 4001 2249 4065 Silius,
2288 4005 2368 4050 17.
2404 4004 2521 4050 ³18.
2558 4002 2664 4051 Va-

1600 4077 1703 4127 riat
1728 4086 1901 4126 tamen
1916 4077 2055 4127 idem
2074 4077 2262 4142 Polyb.
2277 4081 2360 4127 10.
2378 4079 2429 4127 8.
2448 4077 2540 4128 ubi
2560 4077 2577 4104 4
2594 4077 2661 4126 ad

1598 4153 1803 4208 Padum
1821 4153 1835 4176 ’
1871 4155 1946 4206 ait
1966 4153 2079 4207 hirc
2096 4167 2207 4206 esse
2230 4161 2396 4220 gesta·
2452 4154 2515 4206 L.
2536 4152 2661 4212 Am·
