2910 4693
630 391 695 438 1..
743 388 999 439 ANNAEt
1054 352 1273 439 {mom

174 530 411 595 simplici
434 536 491 582 et
522 532 769 583 historico
800 546 1053 595 sermone,
1082 532 1256 582 locum

177 607 385 656 habere
422 613 613 670 potest.
680 608 825 658 Ferri
850 606 1070 657 forsitan
1094 623 1157 657 ea
1179 608 1255 657 iu-

176 684 505 747 terpretatio
543 692 740 749 posset,
776 686 821 734 si
861 686 1047 735 Florus
1088 685 1257 735 Creti-

174 774 307 808 cum
362 767 421 810 et
474 760 802 811 Balearicum
845 774 939 824 pro
981 752 1257 825 nepotibus

174 836 523 887 Macedonici
556 837 843 887 habuisset.
918 837 1021 889 Sed
1061 839 1106 887 si
1142 839 1257 902 quis

174 912 475 975 conjungat
506 919 753 975 nepotem
782 918 839 961 et
870 912 1053 976 filium,
1090 920 1147 962 ut
1169 913 1255 963 hic

170 1002 247 1034 ex
264 986 539 1037 sententia
557 986 679 1035 Vin.
709 991 763 1036 et
782 986 1123 1037 Freinshemii
1144 976 1253 1037 facss

172 1070 295 1112 tum
317 1064 587 1127 est‚plaue
606 1062 885 1113 absurdum
900 1062 1109 1113 videtur
1124 1078 1255 1113 voce

168 1138 186 1163 ‘
211 1137 535 1188 liberorum'
574 1138 649 1187 sic
686 1138 782 1200 uti,
812 1145 874 1187 ut
910 1152 973 1187 ea
1006 1151 1107 1186 uno
1138 1138 1255 1189 loco

168 1206 373 1277 nepos,
395 1214 561 1263 altero
582 1210 719 1263 iili'us
741 1212 1058 1277 designetur.
1126 1215 1255 1269 Om-

168 1288 309 1337 nino
328 1288 627 1339 verosimile
650 1296 731 1339 est
754 1290 965 1339 Florum
988 1290 1251 1341 Creticum

166 1370 235 1412 et
264 1364 595 1414 Balearicum
616 1364 849 1414 habuisse
871 1380 967 1428 pro
983 1363 1253 1431 fratribus,

166 1448 231 1490 et
280 1440 613 1490 Macedonici
630 1439 767 1498 filiis,
804 1455 869 1490 eo
902 1440 1041 1505 qnod
1064 1440 1251 1491 Balea-

166 1516 479 1581 ricum,qui
500 1516 829 1566 Macedonici
861 1514 1087 1565 filiorum
1120 1524 1249 1567 natu

164 1592 443 1642 maximus
481 1592 602 1656 fuit,
641 1593 850 1642 Cretico
872 1594 1161 1658 postponit,
1196 1600 1252 1643 ct

164 1668 447 1718 Balearici
484 1682 764 1731 cognomen
800 1670 1064 1734 accepisse
1100 1670 1252 1733 dicit,

162 1749 458 1808 postquam
480 1744 613 1793 alter
635 1759 702 1794 ex
723 1744 898 1795 liberis
919 1744 1251 1796 Macedonici

168 1818 428 1869 Creticus
469 1818 759 1884 adpellatus
790 1818 992 1871 suerat:
1053 1822 1106 1870 in
1148 1835 1249 1886 quo

165 1892 531 1945 intolerabilis
574 1900 655 1945 est
706 1894 1026 1959 ἄνιστορησία.
1110 1896 1249 1946 Nam

167 1970 487 2019 Balearicus
502 1972 839 2037 triumphavit
857 1971 924 2022 de
939 1972 1249 2021 Balearibus

170 2046 247 2096 Α.
274 2046 341 2096 U.
362 2050 480 2097 632.
515 2048 755 2098 Creticus
792 2050 917 2099 Cos.
953 2047 1057 2099 fuit
1093 2048 1157 2097 Α.
1180 2050 1246 2098 U.

169 2126 298 2172 684.
336 2130 395 2173 et
431 2132 552 2187 post
584 2124 919 2175 Consulatum
946 2124 1001 2173 iu
1038 2126 1247 2175 Cretam

168 2200 369 2248 missus
412 2199 588 2271 infles,
627 2200 879 2265 Eutropio
918 2204 1151 2265 auctore,
1194 2202 1246 2250 iu

170 2274 398 2324 tertium
424 2288 611 2324 annum
634 2274 823 2324 bellum
842 2277 1017 2339 gessit.
1236 2274 1243 2285 '

162 2356 173 2364 ’
242 2351 295 2413 §.
315 2355 350 2399 2
385 2351 490 2400 Per
520 2352 648 2401 idem
679 2353 882 2417 tempus]
916 2354 1103 2404 Mallet
1126 2353 1245 2420 Lip-

168 2425 317 2476 sius:
345 2441 437 2490 per
455 2427 509 2475 id
529 2432 727 2491 tenpus.
758 2429 937 2479 Graev.
1002 2429 1091 2477 Ita
1115 2431 1243 2494 Reg.

168 2501 248 2552 Q.
270 2503 623 2568 Identempus
644 2519 745 2554 non
779 2512 956 2568 potest
988 2505 1154 2570 accipi
1176 2506 1244 2557 de

168 2579 310 2638 alio,
336 2593 484 2644 quam
503 2593 605 2644 quo
640 2579 906 2642 Servilius,
943 2579 1247 2644 Pompeius}

170 2661 231 2704 et
258 2653 527 2722 Metellus,
545 2668 763 2719 quorum
784 2668 869 2704 res
892 2661 1066 2718 gestas
1089 2671 1247 2718 supra

170 2723 447 2792 exposuit,
467 2729 659 2778 bellum
681 2735 951 2793 gesseruut
969 2744 1087 2779 cum
1112 2731 1247 2794 pira-

168 2803 261 2854 tis.
330 2805 451 2854 Nec
468 2803 624 2854 aliam
646 2805 1133 2868 interpretationem
1158 2805 1247 2854 ad-

167 2879 346 2929 mittit
366 2879 421 2928 id
442 2885 641 2942 tempus.
688 2879 807 2929 Hoc
830 2878 1036 2944 quidem
1058 2893 1244 2944 repug-

169 2962 264 3004 nat
310 2953 506 3004 rationi
541 2954 810 3017 temporis.
889 2953 995 3004 Sed
1032 2955 1243 3005 Florum

164 3030 509 3081 existimasse
544 3030 737 3080 bellum
758 3031 1086 3081 Balearicum
1124 3037 1246 3094 post

164 3109 262 3157 illa
284 3107 557 3172 superiora
573 3113 775 3170 gestum
794 3120 925 3168 esse,
941 3111 1245 3170 argumento

168 3191 273 3248 est,
294 3183 435 3250 quod
455 3183 661 3233 illorum
688 3181 953 3231 historiam
988 3183 1133 3246 prius
1156 3195 1245 3231 ex·

168 3257 435 3324 sequitur,
456 3265 509 3308 et
530 3259 671 3322 quod
710 3259 763 3308 in
794 3259 891 3307 lioc
912 3272 1033 3322 cap.
1054 3259 1245 3309 Metel-

162 3333 281 3386 lum
304 3335 633 3385 Balearicum
671 3349 957 3400 cognomen
980 3335 1244 3398 accepisse

167 3413 309 3462 dicit
334 3418 454 3475 post
476 3411 759 3462 Creticum.

162 3497 169 3504 ·
243 3485 449 3551 Insidae]
491 3487 607 3536 Vox
642 3487 745 3537 ista
776 3500 878 3536 uon
910 3485 1121 3537 videtur
1158 3502 1243 3552 ge·

168 3563 367 3622 nuiua;
398 3575 576 3612 sensus
612 3568 759 3612 certe
789 3563 965 3626 ejecta
992 3575 1055 3611 ea
1089 3563 1241 3627 longe

168 3639 265 3688 fiat
290 3639 575 3688 venustior.
612 3638 836 3688 Freinsh.
900 3631 1242 3690 'Freinshemii

158 3715 422 3778 judicium
445 3714 669 3779 probant
686 3714 927 3765 Pei-ison.
963 3715 1029 3764 ad
1050 3715 1102 3765 h.
1126 3717 1158 3766 Ι.
1184 3722 1243 3767 et

166 3791 309 3840 Toll.
346 3789 497 3840 Fort.
530 3801 693 3839 xxix.
758 3789 888 3838 Mox
910 3789 1188 3840 Salmasius
1210 3805 1241 3840 e

168 3867 278 3915 suis
300 3863 754 3915 adnotarat‘suariu
774 3871 1099 3929 mapsa-unt.
1150 3866 1242 3917 Sic

168 3943 330 3991 etiam
386 3941 557 4006 Ryek.
614 3941 791 3992 Berol.
843 3941 1005 4004 Magi.
1049 3941 1241 3994 Duisb.

168 4014 327 4066 Fran.
371 4021 429 4065 et
468 4030 519 4065 v.
562 4029 609 4064 e.
648 4020 706 4064 et
748 4015 951 4074 mollius
1000 4016 1237 4069 videtur:

164 4093 437 4157 vulgatum
460 4091 639 4156 paullo
660 4091 891 4157 asperius
906 4097 1006 4143 est.
1040 4093 1240 4145 Tollius

166 4168 415 4217 emendat
430 4167 778 4232 corripuerunt,
802 4179 868 4217 ex
893 4179 932 4219 ι.
953 4172 1002 4220 9.
1016 4171 1065 4218 8.
1082 4175 1138 4219 et
1160 4183 1238 4223 ur.
1260 4191 1269 4200 ·

162 4247 213 4296 2.
238 4247 286 4297 3.
312 4243 517 4298 strabo
540 4241 659 4297 Lib.
692 4255 781 4295 ιιι.
814 4257 865 4311 p.
900 4247 1011 4297 167.
1042 4245 1239 4300 indicat

2265 374 2396 441 853

1332 545 1432 581 nou
1469 522 1595 581 s'atis
1627 532 1824 597 justam
1869 532 2027 583 fuisse
2066 533 2219 597 hujus
2265 532 2393 582 belli

1330 622 1552 658 causam.
1619 610 1756 658 Nam
1779 623 1934 674 quum
1968 607 2160 672 perditi
2185 608 2390 673 qnidam

1330 698 1361 733 e
1383 681 1683 735 Balearibus
1697 685 2005 734 societatem
2014 681 2258 733 fecissent
2275 698 2392 735 cum

1329 760 1532 823 piratis,
1574 776 1605 811 e
1647 773 1924 825 paucorum
1964 762 2161 810 scelere
2197 760 2394 809 crimen

1329 828 1590 899 publicum
1627 836 1797 899 gentis
1832 835 2049 900 factum,
2082 843 2138 887 et
2159 836 2394 887 Baleari-

1330 908 1427 959 bus
1451 908 1645 959 bellum
1668 910 1884 960 inlatum
1909 909 2084 961 fuisse.

1329 390 1471 437 ms.
1525 390 1634 437 ιιι.
1681 391 1842 439 οη.
1889 374 1952 440 8.

1393 984 1439 1047 9.
1463 988 1494 1033 3
1530 985 1803 1036 Inconditus
1838 986 1992 1049 rates]
2025 984 2163 1036 Vide
2197 986 2388 1037 Zonar.

1328 1064 1451 1109 tom.
1475 1063 1524 1111 2.
1548 1076 1600 1124 p.
1619 1064 1702 1111 92.
1746 1062 1968 1111 Freinsh.

1392 1134 1814 1199 Fra-aurigantes]
1871 1135 1997 1198 Pro,
2054 1138 2392 1200 praeteruavi-

1326 1214 1526 1271 gantes.
1592 1212 1678 1261 Sic
1704 1212 1824 1261 Seu.
1847 1224 1932 1259 ιιι.
1969 1210 2036 1259 de
2057 1210 2145 1260 Ira
2165 1216 2246 1261 22.
2269 1212 2390 1262 Val.

1324 1286 1401 1335 M.
1439 1285 1646 1351 aliique.
1711 1286 1908 1336 Similia
1939 1293 2061 1335 sunt
2092 1288 2108 1315 ⁸
2134 1287 2390 1351 praelabi,'

1323 1362 1343 1389 ⁸
1364 1361 1630 1423 proevehi,’
1669 1369 1725 1411 et
1761 1362 1865 1411 alia
1885 1362 2034 1425 hujus
2057 1354 2281 1429 generis,
2317 1363 2386 1413 de

1324 1436 1514 1501 quibus
1529 1437 1632 1486 vid.
1651 1452 1778 1502 quos
1795 1438 1974 1487 laudat
1992 1438 2185 1489 clariss.
2205 1440 2384 1491 Burin.

1325 1511 1391 1559 ad
1415 1512 1631 1563 Petron.
1647 1525 1799 1562 xerx-
1821 1512 1991 1577 Ryck.
2005 1514 2388 1577 pernavigantes.

1326 1586 1447 1637 Hoc
1469 1588 1740 1639 coufirmat
1763 1592 2113 1654 conjecturam
2137 1588 2392 1652 Rutgersii

1324 1660 1375 1711 c.
1395 1676 1511 1712 xiv.
1545 1664 1792 1713 Venusia.
1826 1664 1973 1715 Lect.
1994 1664 2045 1712 in
2069 1666 2278 1714 Caesare
2301 1676 2391 1713 ιιι.

1324 1738 1388 1786 Β.
1425 1739 1486 1788 C.
1529 1742 1612 1788 26.
1649 1753 1715 1788 ex
1755 1754 1835 1802 eo,
1867 1738 2010 1809 quod
2046 1734 2136 1789 ibi‘
2159 1739 2218 1796 in„
2253 1744 2391 1787 vett.

1323 1812 1467 1864 libris
1502 1822 1585 1863 est
1617 1814 1953 1880 pervehuntur,
1975 1816 2196 1880 legentis
2214 1829 2393 1878 γνωτο-

1322 1892 1520 1955 lumeur,
1545 1908 1640 1957 pro
1664 1908 1766 1958 quo
1782 1893 1836 1943 iu
1854 1893 2073 1957 vulgatis
2095 1901 2176 1959 est
2193 1900 2390 1957 pra-ter·-

1321 1967 1574 2018 oekuutur.
1604 1967 1727 2017 vid.
1752 1968 1822 2018 ibi
1847 1969 1914 2017 cl.
1937 1968 2282 2033 Oudendorp.

1326 2058 1335 2067 ·
1389 2042 1641 2107 Inopiuoto
1681 2046 1860 2109 impetu
1901 2044 2136 2109 terruere]
2210 2044 2380 2108 Ryck.

1321 2118 1564 2182 inopinato
1587 2116 1763 2181 impetu
1782 2124 1960 2169 terrere
1975 2137 1992 2168 .·
2041 2120 2201 2184 possis
2223 2120 2387 2183 expli-

1322 2210 1461 2259 care,
1475 2196 1566 2246 sed
1592 2199 1803 2261 vulgata
1817 2212 1940 2246 vera
1953 2204 2054 2247 est.
2081 2200 2245 2248 (ἕνα.
2281 2198 2387 2247 De·

1322 2270 1441 2321 inde
1463 2270 1714 2323 Scheffer.
1735 2274 1863 2337 legit
1886 2276 1954 2323 Et
1976 2288 2080 2323 cum
2101 2274 2384 2323 venientem.

1361 2353 1433 2416 .§.
1476 2357 1511 2402 4
1566 2353 1761 2416 Ingenti
1814 2356 2026 2418 lapidum
2071 2370 2385 2420 saxorumque

1316 2427 1500 2490 nimbo]
1533 2429 1700 2494 Ryck.
1721 2431 1906 2493 ingenti
1925 2433 2144 2495 lapidum·
2160 2443 2384 2482 soa-orum

1316 2503 1489 2554 nimbo.
1568 2504 1793 2555 Videtur
1823 2507 2030 2570 lapidum
2067 2521 2182 2556 esse
2224 2507 2384 2557 inter-

1320 2579 1548 2642 pretatio
1567 2581 1654 2629 τοῦ
1673 2583 1690 2609 ⁸
1710 2580 2046 2640 saxorum,’et
2065 2595 2129 2629 ex
2153 2581 2386 2646 margine

1320 2655 1584 2718 irrepsisse
1617 2657 1670 2704 iu
1702 2662 2025 2706 contextum.
2089 2657 2220 2705 Mox
2244 2655 2382 2706 idem

1320 2732 1488 2783 codex
1512 2733 1665 2796 bene,
1681 2735 1778 2783 uisi
1799 2748 1931 2797 quem
1959 2733 2063 2796 ipsa
2093 2737 2384 2784 monstrante

1313 2809 1619 2873 percusserit.
1669 2809 1847 2858 Graev.
1923 2807 2131 2872 Lapides
2169 2813 2226 2857 et
2263 2823 2385 2856 saxu

1306 2883 1463 2946 jungi
1499 2888 1714 2946 possunt
1736 2895 1832 2946 per
1859 2882 2236 2945 synonymum,
2265 2897 2382 2946 qum

1318 2956 1488 3020 figura
1509 2956 1750 3022 frequens
1772 2961 1854 3006 est
1873 2957 2048 3024 Floro.
2083 2957 2220 3006 Nam
2243 2957 2384 3008 iuter

1318 3025 1614 3096 ‘'lapidem’
1629 3039 1690 3096 et
1709 3032 1725 3060 ⁴
1748 3047 1926 3082 saxum
1939 3032 1954 3055 ’
1973 3046 2114 3098 saepe
2135 3047 2240 3083 non
2255 3034 2384 3084 mul·

1320 3112 1429 3157 tum
1451 3107 1688 3158 interest.
1719 3107 1842 3157 Tac.
1875 3122 1915 3158 ι.
1951 3101 2022 3158 Ἀ.
2061 3113 2144 3160 27.
2179 3109 2378 3170 ‘Simul

1318 3183 1590 3247 ingruunt,
1611 3197 1734 3233 saxa
1747 3184 1986 3248 jaciunt:
2012 3185 2227 3250 jamque
2251 3185 2381 3250 lapi&

1320 3261 1399 3310 dis
1414 3261 1524 3310 ictu
1546 3261 1826 3311 cruentus.'
1857 3262 1910 3312 Si
1929 3261 2221 3330 discrimen,
2240 3262 2378 3328 quod

1318 3335 1659 3386 Grammatici
1703 3338 1910 3402 quidam
1951 3339 2089 3406 inter
2130 3340 2240 3389 haec
2277 3346 2381 3389 sta-

1318 3417 1490 3476 tuunt,
1523 3411 1798 3478 sequimur,
1837 3416 1853 3442 ⁸
1888 3415 2118 3479 lapides'
2158 3422 2379 3479 possunt

1318 3501 1433 3538 esse
1469 3481 1709 3550 minores,
1739 3491 1755 3518 ‘
1779 3490 1928 3539 saxa’
1955 3492 2172 3554 maj0ra.
2240 3493 2378 3540 Nam

1316 3563 1475 3614 Diod.
1507 3565 1643 3615 -Sic.
1682 3565 1796 3614 Lib.
1838 3580 1888 3615 v.
1927 3580 1978 3628 p.
2015 3569 2129 3614 207.
2174 3565 2379 3629 scribit,

1316 3639 1565 3688 Baleares
1586 3638 1759 3689 fundis
1781 3639 1980 3702 lapides
2013 3640 2179 3690 multo
2215 3641 2378 3705 majo-

1317 3727 1421 3775 res,
1444 3727 1600 3778 quam
1635 3713 1769 3762 ullos
1803 3713 1949 3777 alios,
1979 3714 2186 3778 jacere,
2221 3715 2377 3782 idque

1316 3793 1424 3838 tam
1465 3788 1636 3838 valido
1670 3788 1800 3852 ictu,
1820 3796 1880 3840 ut
1901 3792 2172 3855 catapulta
2207 3793 2380 3844 emitti

1314 3864 1606 3916 videantur.
1671 3867 1756 3916 Ita
1777 3880 1980 3934 quoque
1999 3869 2112 3919 haec
2130 3867 2378 3936 distingui

1314 3940 1560 3991 videntur
1594 3941 1646 3992 iu
1679 3943 1716 3993 l.
1753 3957 1794 3994 1.
1832 3946 1878 4008 ς.
1919 3949 1999 3999 17.
2034 3945 2106 3994 D.
2141 3945 2207 3996 de
2233 3946 2374 3996 SCto

1313 4017 1473 4067 Silau.
1504 4018 1520 4046 ⁴
1546 4019 1630 4068 vel
1650 4033 1796 4084 saxo,
1818 4021 1899 4070 vei
1920 4019 2077 4086 fuste,
2101 4023 2182 4072 vel
2203 4021 2376 4084 lapide

1314 4096 1646 4160 percussum!

1379 4171 1582 4237 Ninbo]
1611 4172 1736 4224 vid.
1759 4174 1881 4223 Iud.
1915 4174 2034 4224 Liv.
2058 4185 2252 4223 xxxvi.
2291 4175 2371 4224 18.

1316 4247 1333 4278 ‘
1358 4247 1574 4315 Fundis,
1607 4249 1756 4302 velut
1774 4248 2024 4314 nimbum,
2058 4247 2270 4314 glandes
2293 4247 2370 4300 iu·
