2910 4693
438 277 572 343 4⁷4

443 431 675 484 divisisse
711 431 986 482 Romulum
1037 430 1092 490 iu
1135 437 1243 482 tres
1279 431 1502 496 majores

443 515 641 573 partes,
663 521 788 574 quas
809 507 1004 558 dixerit
1022 506 1040 535 ‘
1063 506 1228 558 tribus
1247 505 1283 568 ς’
1306 506 1503 578 tribum

443 589 616 634 sutem
653 583 962 634 Graecorum
994 583 1171 648 lingue
1203 583 1307 633 dici
1325 581 1503 647 φυλὴν,

718 659 848 711 Quis
879 665 1054 709 sutem
1085 657 1268 709 credet
1289 672 1357 709 ex
1379 659 1501 708 solis

442 734 703 801 equitibus
721 727 904 784 r'eceus
926 747 957 783 s
972 747 1028 783 se
1047 733 1264 784 delectis
1279 732 1504 785 voluisse

441 823 601 860 novus
613 809 780 860 tribus
793 808 1121 859 conscribere
1137 809 1469 874 Tarquinium
1482 809 1503 858 i

446 885 565 936 Hoc
589 893 763 935 temen
785 884 1064 948 Dionysius
1087 884 1230 936 dicit.
1270 884 1375 935 Sed
1391 884 1505 934 nul·

443 962 510 1010 1ae
543 966 812 1024 equestres
847 959 1062 1010 fuerunt
1093 960 1281 1024 tribus,
1311 959 1402 1010 sed
1436 975 1504 1011 ex

442 1035 678 1086 omnibus
719 1034 920 1086 civibus
970 1035 1378 1090 conficiebantur
1417 1037 1507 1087 tri·

443 1112 570 1162 bus:
605 1125 672 1161 ex
693 1111 896 1176 singula
917 1110 1056 1162 tribu
1071 1127 1200 1164 vero
1215 1112 1507 1164 centuriam

443 1193 672 1256 equitum
696 1197 1034 1255 excerpserat
1057 1191 1322 1242 Romulus.
1372 1191 1507 1242 Nul-

443 1270 495 1319 ls
539 1283 762 1334 uuquam
819 1269 986 1320 tribus
1029 1267 1134 1320 fuit
1165 1282 1263 1319 nec
1303 1267 1509 1318 illerum

445 1359 574 1410 ques
591 1344 836 1396 Romulus
853 1343 1099 1407 institnit,
1115 1358 1214 1395 uec
1230 1357 1345 1410 quse
1367 1350 1507 1410 post·

444 1421 592 1471 caiis
615 1427 962 1485 accesserunt,
983 1435 1101 1486 qum
1124 1435 1192 1471 ex
1214 1421 1335 1471 solis
1365 1418 1509 1487 equi-

447 1495 586 1547 tibus
629 1494 792 1546 fuerit
833 1494 1074 1546 conflatu.
1137 1497 1297 1547 Nolle
1332 1502 1509 1545 sutem

446 1571 548 1622 siis
591 1571 725 1622 ratio
777 1571 914 1622 hunc
957 1571 1150 1622 nodum
1197 1567 1510 1636 expediendi

447 1652 616 1710 petet,
655 1661 809 1713 quam
847 1645 892 1696 si
933 1646 1181 1710 dicemus,
1215 1647 1422 1698 Florum
1454 1653 1511 1700 et

444 1721 758 1786 Dionysium
795 1721 934 1788 ipsus
966 1723 1224 1775 centurius
1260 1725 1512 1790 equitnm,

446 1809 562 1862 quss
606 1797 937 1849 retinuerunt
974 1800 1190 1864 sntiqus
1225 1801 1383 1850 trium
1411 1801 1513 1850 Ro-

446 1874 728 1923 mutem-um
770 1873 996 1925 tribuum
1049 1874 1275 1938 uomina,
1317 1875 1513 1926 dixisse

448 1946 633 1998 tribus.
697 1946 948 1998 Romulus
979 1961 1098 1998 cum
1121 1963 1326 2000 omnem
1347 1963 1514 2017 popu·

449 2023 553 2071 lum
572 2022 936 2084 descripsisset
949 2024 1003 2073 iu
1027 2031 1133 2076 tres
1152 2025 1338 2086 tribus,
1359 2041 1515 2078 uuum

449 2097 587 2146 dixit
625 2095 900 2162 Lucerum,
929 2099 1147 2151 nitet-sm
1181 2101 1513 2166 Ramnetum,

449 2173 661 2222 tertiam
699 2171 1024 2225 Titiensium.
1088 2175 1172 2225 Ex
1201 2175 1403 2241 singule
1425 2176 1517 2226 tri-

453 2248 520 2296 bu
543 2248 732 2312 selegit
745 2251 1032 2300 centuriam
1055 2249 1308 2318 equitum,
1327 2253 1513 2317 quibus

451 2324 572 2374 solis
591 2324 918 2376 sdliaeserunt
940 2325 1176 2393 sequenti
1197 2333 1516 2394 tempestate

451 2402 658 2450 nomios
679 2401 924 2461 tribuum,
941 2407 1002 2453 ut
1019 2403 1247 2469 equitum
1264 2404 1516 2457 centurio

451 2476 754 2527 dicerentur
787 2478 1033 2542 Luceres,
1061 2480 1339 2547 Titienses,
1359 2482 1517 2532 Ram·

451 2566 659 2605 nenses.
727 2552 866 2604 Hinc
907 2569 941 2604 s
971 2556 1226 2620 Dionysio
1263 2562 1322 2607 et
1360 2558 1517 2609 Floro

448 2636 725 2695 equestres
756 2630 1007 2681 centuriae
1029 2632 1198 2682 tribus
1219 2631 1376 2683 dictoe
1396 2634 1521 2697 sint,

451 2706 594 2771 quod
629 2712 779 2756 vetus
802 2707 1032 2758 tribuum
1059 2721 1246 2758 nomen
1268 2707 1369 2759 iliis
1393 2708 1518 2759 solis

447 2782 640 2845 'postes
659 2780 760 2832 fuit
781 2781 981 2845 datum,
1005 2784 1237 2849 quemvis
1269 2776 1518 2850 perquem

453 2858 602 2909 dure.
671 2858 808 2909 Nam
850 2860 939 2924 qui
975 2866 1221 2911 securate
1253 2861 1521 2925 loquetur,

453 2938 514 2983 ct
545 2934 634 2997 qui
671 2935 812 2983 norit
843 2948 958 2999 qum
985 2932 1184 2985 fuerint
1201 2935 1400 2986 tribute
1413 2934 1519 2985 Ro-

451 3018 723 3059 manorum
741 3008 972 3072 comitis,
995 3009 1152 3075 quiin
1173 3009 1408 3059 exercitu
1430 3009 1519 3060 tri-

455 3084 583 3136 buni
623 3084 870 3149 militum,
923 3086 1012 3150 qui
1060 3084 1385 3149 decuriones,
1431 3086 1519 3151 qui

456 3162 652 3210 alarum
677 3158 929 3223 praefecti,
965 3174 1225 3226 nunquam
1261 3162 1522 3211 centurius

453 3242 728 3301 'equestres
768 3236 930 3287 tribus
967 3238 1179 3290 dixerit.
1257 3238 1523 3289 Tribunus

457 3313 604 3363 euim·
633 3311 905 3363 dicebatur
958 3314 1172 3378 proprie
1222 3313 1312 3379 qui
1365 3314 1521 3364 tribui

457 3386 721 3452 ‘prmerst3
761 3388 884 3437 iiiuc
917 3388 973 3439 in
1008 3388 1172 3453 copiis
1192 3388 1428 3440 tribunus
1449 3392 1523 3439 ie-

458 3464 642 3528 giouis,
663 3464 753 3530 qui
773 3464 985 3528 legioni,
999 3464 1096 3515 hoc
1117 3472 1220 3527 est,
1244 3466 1524 3530 palitibus,

347 3588 350 3592 .
454 3538 674 3590 ‘decurio
696 3553 841 3602 vero,
863 3540 952 3605 qui
985 3548 1192 3602 turma,
1223 3546 1279 3589 et
1301 3540 1524 3605 praefec-

455 3622 563 3678 tus,
583 3616 671 3681 qni
695 3616 812 3678 siae,
832 3622 1081 3680 praeerst.
1143 3614 1348 3680 Singuli
1379 3617 1525 3668 cives

459 3690 716 3754 adscripti
758 3697 910 3741 erant
953 3690 1108 3742 elicui
1153 3690 1327 3741 tribui.
1412 3690 1527 3757 Ipsi

459 3766 667 3830 'equites
706 3780 911 3830 quoque
945 3764 1130 3830 singuli
1165 3782 1308 3818 susm
1331 3757 1524 3819 tribum
1556 3828 1561 3834 ,

459 3839 742 3891 habebant.
767 3838 1044 3906 Nunquam
1062 3856 1186 3893 vero
1202 3843 1394 3894 tribum
1407 3858 1527 3896 cou-

457 3916 711 3967 ficiebsut
728 3916 826 3965 soli
846 3916 1065 3981 equites.
1100 3918 1330 3969 Isidorus
1347 3928 1525 3971 tumen

457 3992 534 4043 sic
557 4004 761 4059 quoque
781 3992 1013 4056 loquitur
1029 3993 1286 4058 Origdib.
1301 4008 1386 4048 xx.
1409 4012 1524 4061 cup.

459 4072 514 4117 8.
543 4070 560 4097 ‘
583 4066 780 4117 Turum
802 4066 1020 4131 triginta
1037 4068 1238 4132 equites
1257 4080 1396 4133 sunt,
1423 4069 1525 4121 Ro-

461 4143 600 4193 msui
641 4144 778 4194 euim
813 4141 1012 4209 equites
1043 4143 1097 4195 iu
1120 4156 1220 4194 uus
1257 4146 1400 4198 tribu
1422 4152 1525 4198 tre-

1140 291 1356 342 801·AE
1403 287 1809 340 vsnioumt
1856 289 1931 339 nt

1574 430 1717 482 centi
1734 431 1770 482 ι’
1797 429 1897 482 hoc
1938 435 2038 495 est,
2083 431 2138 482 iu
2170 445 2480 498 unaqueque
2508 427 2651 483 Titi-

1574 507 1793 570 ensium,
1826 505 2214 571 Rsmueusium,
2242 508 2497 558 Lucerum
2518 521 2647 559 ceu-

1576 583 1715 634 turis
1733 589 1883 636 eruut
1904 591 2141 650 tempore
2174 585 2380 637 Romuli
2412 585 2647 636 trecenti

1574 660 1799 722 equites.
1880 661 2018 712 Nem
2038 661 2285 712 Romulus
2307 661 2477 726 primo
2498 661 2647 724 lege-

1576 741 1661 786 ret
1673 749 1739 785 ex
1761 735 1994 801 quelibet
2014 736 2158 787 tribu
2176 743 2385 786 centum
2406 734 2645 799 Celeres,

1580 825 1673 862 seu
1710 811 1933 876 equites,
1968 817 2157 876 postes
2188 813 2254 864 Τ.
2274 811 2427 863 Τιῑίο
2458 811 2517 861 iu
2558 825 2647 860 nr·

1579 887 1696 938 bem
1720 895 1935 954 recepto
1958 889 2222 939 centurius
2252 889 2367 939 illas
2390 889 2559 952 suxit,
2580 891 2646 938 ut

1579 963 1790 1028 singulm
1824 967 2003 1013 essent
2028 969 2397 1026 trecentorum,
2418 969 2477 1012 et
2496 967 2644 1012 totus

1579 1037 1837 1105 equestris
1860 1037 1988 1090 ordo
1999 1045 2377 1103 nongentorum
2394 1038 2647 1104 cupitum,

1580 1121 1643 1165 ut
1682 1130 1750 1166 ex
1774 1115 1923 1166 Livio
1963 1115 2243 1166 emendato
2285 1121 2345 1165 et
2382 1115 2647 1178 Dionysio

1581 1190 1706 1240 Hel.
1748 1190 1987 1253 pluribus
2025 1191 2207 1241 usserit
2243 1197 2428 1241 contra
2446 1189 2647 1241 dissen-

1580 1265 1773 1316 tientes
1816 1266 2112 1317 Gronovius
2144 1264 2277 1317 Obs.
2312 1279 2400 1316 ιιι.
2421 1269 2505 1317 2⁵.
2568 1265 2649 1315 ni

1583 1348 1706 1392 suut
1725 1341 1805 1391 illi
1842 1343 2088 1404 trecenti,
2124 1355 2253 1408 quos
2282 1342 2336 1392 iu
2358 1357 2461 1392 nne
2480 1341 2649 1406 tribu,

1582 1415 1683 1465 boc
1704 1422 1807 1480 est,
1826 1417 2067 1467 centurie
2084 1416 2242 1468 fuisse
2264 1417 2496 1469 Isidorus
2518 1419 2651 1468 scri-

1583 1491 1679 1543 bit.
1740 1494 2047 1559 Tarquinius
2068 1508 2171 1545 nou
2194 1495 2383 1557 tribus,
2411 1495 2510 1545 boc
2542 1501 2649 1558 est,

1585 1573 1695 1618 tres
1714 1567 1975 1619 centurius
2002 1577 2377 1635 nongentorum
2410 1571 2652 1634 capitum

1583 1657 1617 1692 s
1638 1643 1857 1693 Romulo
1892 1643 2157 1696 institutes
2187 1646 2349 1710 suxit,
2380 1653 2441 1695 ut
2462 1646 2651 1696 decre-

1583 1723 1735 1769 verst
1752 1717 1948 1784 fucere,
1969 1727 2025 1771 et
2044 1721 2144 1770 illis
2160 1721 2405 1772 centuriis
2426 1720 2494 1770 de
2517 1734 2575 1770 se
2592 1727 2653 1770 et

1584 1795 1691 1844 suis
1729 1795 1907 1846 emicis
1936 1795 2148 1846 nomine
2188 1795 2491 1862 imponere;
2536 1795 2654 1862 sed,

1585 1869 1769 1919 relicto
1824 1871 1978 1922 trium
2021 1879 2257 1939 veterum
2299 1873 2653 1922 centuriarum

1585 1951 1820 2009 numero,
1846 1946 2023 2009 cspits
2052 1945 2364 2011 duplicavit,
2396 1953 2456 1997 ut
2477 1948 2656 2011 singu·

1585 2019 1653 2068 lte
1672 2021 1924 2070 centurius
1952 2027 2129 2072 essent
2164 2027 2527 2073 sexcentorum
2559 2022 2655 2072 bo-

1586 2093 1797 2147 minum.
1864 2097 1985 2148 Hoc
2024 2104 2105 2148 est
2142 2100 2280 2163 quod
2311 2099 2493 2150 Herus
2515 2099 2657 2150 dicit

1586 2171 1919 2238 Tarquinium
1951 2173 2119 2224 tribus
2140 2175 2343 2226 auxisse
2368 2175 2619 2226 centuriis
2640 2189 2658 2237 ς

1587 2246 1843 2312 singulum
1878 2249 2013 2299 euim
2047 2249 2256 2316 tribum,
2276 2249 2375 2302 hoc
2406 2259 2513 2313 est,
2532 2265 2657 2302 ceu-

1590 2325 1776 2375 turisru
1798 2325 2122 2390 Romuleam,
2138 2327 2283 2377 suxit
2301 2333 2655 2378 trecentorum

1588 2400 1847 2451 bominum
1866 2416 2101 2466 numero,
2114 2402 2237 2469 quis
2257 2404 2458 2454 Navius
2480 2418 2659 2455 nume·

1590 2490 1705 2526 rum
1758 2476 1989 2527 tribuum
2058 2480 2239 2543 augeri
2298 2480 2656 2543 prohibuerat.

1593 2550 1715 2601 Hoc
1733 2556 1907 2601 tumen
1918 2554 2225 2617 Tarquinius
2236 2552 2432 2619 effecit,
2444 2562 2521 2621 ut,
2534 2556 2659 2621 quis

1590 2640 1752 2677 novus
1774 2628 2003 2693 equitum
2026 2632 2305 2694 centurius,
2340 2631 2526 2696 quibus
2566 2644 2657 2680 no-

1592 2714 1661 2753 νε
1713 2702 1921 2752 nemius
1967 2704 2280 2768 imponeret,
2320 2706 2658 2757 conscribere

1593 2792 1699 2827 non
1732 2778 1949 2844 licebat,
1990 2779 2188 2843 adjecti
2224 2794 2259 2831 s
2296 2794 2355 2829 se
2395 2781 2659 2844 prioribus

1593 2856 1843 2905 centuriis
1885 2855 2187 2907 dicerentur
2214 2856 2427 2909 secundi
2464 2858 2660 2908 Titien-

1592 2944 1691 2995 ses,
1709 2932 1953 2994 Luceres,
1975 2932 2213 2997 Ramnes,
2234 2933 2387 2983 sicuti
2412 2950 2443 2983 u
2464 2932 2660 2983 Romu·

1592 3008 1643 3057 lo
1666 3008 1833 3057 creati
1862 3008 2173 3059 dicebantur
2206 3010 2356 3073 primi
2376 3008 2667 3073 Titienses,

1595 3084 1842 3146 Luceres,
1879 3084 2121 3148 Ramnes,
2162 3094 2222 3135 ut
2252 3100 2319 3133 cx
2362 3085 2524 3135 Festo
2556 3084 2659 3141 viri

1594 3158 1739 3209 docti
1761 3159 1961 3225 pridem
1990 3160 2345 3211 ostenderunt.
2410 3161 2661 3211 Ceterum

1594 3240 1657 3284 ut
1702 3234 1885 3285 Florus
1929 3236 2121 3301 aliique
2167 3236 2319 3286 ebusi
2358 3243 2482 3287 sunt
2528 3251 2659 3286 voce

1592 3309 1611 3338 ‘
1633 3308 1814 3360 tribus'
1847 3323 1944 3375 pro
1976 3310 2211 3361 centuria
2242 3312 2498 3377 equitum,
2536 3312 2662 3377 quis

1596 3385 1760 3450 prims
1793 3386 2154 3437 iiie*tribuum
2186 3387 2472 3452 appellatio
2520 3394 2663 3453 post·

1596 3476 1659 3511 es
1706 3460 1846 3525 opud
1885 3462 2023 3533 solus
2072 3472 2343 3528 equestres
2392 3464 2661 3513 centurius

1593 3538 1864 3600 remansit,
1916 3539 1993 3588 sic
2064 3540 2179 3589 vice
2238 3554 2388 3589 versu
2443 3546 2663 3605 propter

1598 3612 1817 3664 eundem
1852 3612 2106 3664 rationem
2150 3614 2331 3666 Livius
2354 3628 2395 3665 ι.
2429 3618 2510 3665 1³.
2554 3622 2659 3665 trs—

1598 3688 1679 3739 dit
1714 3690 1977 3740 centurias
2016 3697 2124 3741 tres
2156 3692 2387 3757 equitum
2419 3706 2452 3741 s.
2471 3692 2664 3743 Romu·

1596 3766 1649 3815 lo
1694 3766 2021 3829 conscriptus
2064 3767 2235 3818 dictus
2290 3766 2453 3819 fuisse
2509 3770 2663 3819 Rum-

1596 3854 1806 3905 nenses,
1834 3841 2108 3908 Titienses,
2130 3844 2387 3895 Lucerem
2424 3844 2661 3895 ‘Eodem

1597 3916 1869 3981 tempore,'
1901 3917 2091 3983 inquit,
2142 3919 2160 3948 ‘
2178 3927 2235 3971 et
2266 3920 2519 3971 centurio
2550 3926 2661 3970 tres

1596 3997 1831 4060 equitum
1853 3998 2166 4063 conscriptus.
2190 4009 2327 4060 sunt,
2344 3998 2663 4051 Ramnenses

1598 4072 1671 4121 sb
1690 4072 1929 4136 Romulo,
1967 4074 2033 4124 sb
2068 4075 2186 4125 Tito
2219 4074 2377 4125 Tstio
2406 4074 2664 4126 Titienses

1597 4147 1867 4213 appellati.
1937 4148 2191 4202 Lucerum
2226 4150 2441 4203 nominis
2472 4158 2528 4202 et
2558 4151 2661 4203 ori·
