2910 4693
513 365 636 434 viii

519 590 522 592 v
578 527 807 578 Armenia
823 535 1018 592 utraque
1040 526 1114 595 (h.
1133 544 1160 578 e
1182 525 1329 590 major
1343 533 1395 576 et
1407 527 1589 590 minor)

513 592 586 651 iii,
606 597 656 649 5,
678 596 741 642 21
1177 630 1182 635 -

580 655 794 706 Armenii
825 657 894 712 iii,
911 661 992 714 12,
1015 661 1048 709 4
1083 656 1301 720 triumphi
1334 657 1398 713 iv,
1421 661 1474 714 2,
1491 659 1523 706 Β

582 719 824 769 Arminius
847 720 1106 770 Germanus
1140 722 1205 778 iv,
1230 725 1308 777 12,
1327 726 1396 772 82

511 779 518 791 “
581 783 841 833 Aracillum
864 785 1026 850 (urbs)
1059 785 1123 840 iv,
1141 790 1222 841 12,
1244 789 1312 835 49

582 848 800 914 Arripere
822 850 872 897 in
891 849 1183 898 occasionem
1215 848 1280 905 iv,
1301 853 1352 904 2,
1377 853 1442 898 84

584 912 677 962 Ars
698 915 908 962 bellandi
941 914 972 969 i,
994 918 1044 971 8,
1067 918 1098 964 2
1133 912 1336 962 Cilicum
1369 911 1435 969 iv,
1458 915 1510 968 2,
1525 917 1590 962 82

518 977 652 1026 ducis
683 979 746 1034 iv,
766 983 846 1036 10,
860 983 892 1028 2
923 978 1086 1026 Artem
1101 977 1273 1035 fecere,
1290 979 1339 1025 h.
1357 992 1400 1024 e·
1417 991 1591 1026 nomen

520 1049 571 1090 et
604 1042 928 1090 auctoritatem
962 1041 1073 1090 artis
1107 1042 1269 1090 indere
1300 1040 1370 1097 iii,
1406 1045 1488 1098 12,
1526 1043 1591 1090 10

519 1105 624 1169 (Sic
647 1105 828 1154 Plinius
863 1123 937 1165 xx,
953 1111 1000 1156 ⁷.
1037 1106 1246 1154 ‘anisum
1269 1105 1589 1169 appetentiam

518 1170 726 1218 ciborum
749 1177 964 1233 praestat:
989 1171 1249 1234 quandoid
1263 1185 1454 1233 quoque
1473 1169 1594 1216 inter

521 1233 718 1281 artificia
751 1233 934 1282 delicia
955 1235 1128 1290 fecere,
1150 1249 1210 1281 ex
1240 1249 1336 1297 quo
1359 1231 1492 1281 labor
1507 1233 1593 1280 de·

521 1297 604 1345 siit
617 1297 746 1352 cibos
763 1298 1016 1362 poscere’).
1051 1296 1192 1346 Artes
1211 1297 1322 1360 (pro
1341 1296 1594 1354 institutis,

521 1360 751 1424 moribus)
784 1362 818 1418 i,
836 1367 884 1418 5,
905 1367 932 1411 1
991 1377 1076 1424 pro
1092 1376 1266 1426 genere
1281 1369 1333 1410 et
1355 1361 1497 1409 modo
1522 1361 1593 1407 vi-

520 1425 666 1472 vendi
699 1425 734 1483 i,
755 1429 806 1484 6,
821 1430 852 1474 8
887 1441 973 1488 pro
994 1425 1252 1482 fraudibus,
1275 1425 1481 1474 inventis
1502 1424 1596 1474 cul·

521 1479 632 1536 lidis
663 1489 728 1544 iv,
764 1492 817 1546 4,
853 1492 886 1539 2
929 1489 1126 1539 Artibus
1161 1489 1257 1538 suis
1291 1489 1474 1538 hostem
1514 1505 1594 1552 ag-

521 1552 655 1616 gredi
685 1553 754 1610 iii,
779 1557 826 1612 1,
849 1558 914 1603 10

585 1613 742 1675 Arsia,
763 1615 815 1665 fl.
845 1617 900 1678 ii,
917 1623 968 1674 6,
992 1621 1017 1668 1
1126 1671 1140 1691 ὁ

587 1673 846 1729 Artabazes
864 1673 1092 1730 Ponticus
1125 1679 1194 1737 xii,
1217 1685 1267 1738 6,
1291 1685 1318 1729 1

525 1797 534 1806 ,
589 1733 818 1794 Artaxata
847 1745 914 1804 iv,
954 1750 1038 1803 12,
1059 1749 1126 1796 44
1174 1751 1324 1808 caput
1361 1743 1597 1792 Armenio

523 1803 591 1864 iil,
617 1814 664 1864 5,
686 1813 748 1858 2⁷

587 1871 823 1922 Arthoces
841 1869 1008 1921 Iberus
1039 1868 1110 1930 iii,
1133 1878 1183 1930 6,
1207 1876 1273 1924 28

586 1934 734 1985 Attus
748 1937 942 1985 humani
956 1937 1240 1986 dissidentes
1271 1935 1306 1994 i,
1329 1940 1413 1994 28,
1435 1940 1469 1986 2

586 1993 789 2050 Arverni
819 1999 889 2058 iii,
911 2007 960 2058 2,
982 2007 1032 2053 4.
1075 2001 1145 2059 iii,
1166 2005 1248 2058 10,
1275 2005 1340 2050 20

589 2064 747 2112 Aruns
766 2059 1046 2129 Tarquinius
1079 2065 1114 2123 i,
1139 2068 1220 2122 10,
1242 2071 1274 2115 8

591 2119 784 2177 Arusini
803 2131 959 2193 campi
991 2130 1026 2186 i,
1045 2134 1128 2186 18,
1145 2133 1204 2180 11

589 2187 689 2240 Arx
711 2193 734 2256 (
772 2209 822 2240 ro
845 2192 1113 2266 Capitolio)
1147 2191 1181 2249 i,
1203 2195 1285 2248 26,
1305 2195 1352 2240 8.
1374 2191 1446 2246 iii,
1466 2193 1545 2244 16.
1567 2195 1601 2238 6

589 2253 688 2302 Arx
765 2255 946 2318 8ρίῐοίιί
999 2255 1071 2311 iii,
1115 2259 1198 2310 21,
1242 2259 1274 2302 7
1337 2252 1601 2316 Capitolini

525 2319 698 2368 montis
731 2319 764 2378 i,
789 2322 870 2377 18,
903 2322 966 2369 18
1017 2317 1308 2367 Pmnestina
1339 2317 1374 2375 i,
1411 2321 1495 2375 18,
1532 2321 1599 2369 24

523 2382 624 2431 Arx
663 2384 774 2459 (pro
815 2383 1121 2439 munimento,
1182 2380 1430 2447 prasidio)
1451 2400 1463 2429 :
1500 2382 1597 2440 Sic,

523 2445 624 2495 Arx
646 2446 826 2496 Culiciae
849 2446 1038 2495 Issus-us
1067 2446 1138 2504 iii,
1158 2451 1208 2503 6,
1232 2453 1262 2496 6
1297 2446 1398 2494 Arx
1419 2454 1471 2493 et
1491 2462 1598 2509 spe-

509 2510 638 2565 ,culs
657 2510 832 2559 Africa
853 2508 1041 2575 Clypea
1072 2512 1124 2568 ii,
1144 2516 1198 2569 2,
1221 2514 1285 2559 19
1327 2509 1431 2575 (Sic
1470 2512 1601 2573 apud
1668 2540 1675 2547 ·

527 2574 633 2625 Liv.
654 2576 716 2625 de
739 2575 914 2625 AEtolis
946 2575 1103 2633 xxxiv,
1125 2580 1208 2632 24,
1229 2579 1280 2625 2.
1317 2580 1330 2602 ·
1357 2572 1408 2621 8ἰ
1429 2574 1481 2622 in
1504 2589 1601 2622 me-

528 2640 609 2689 dia
624 2640 960 2705 Peloponneso
987 2655 1140 2689 arcem
1162 2638 1252 2687 sibi
1275 2638 1505 2687 fecerint?
1524 2638 1602 2689 Sic

528 2708 546 2733 ‘
560 2720 641 2753 arx
663 2702 799 2769 spei,’
821 2704 952 2767 apud
972 2704 1194 2761 eundern,
1225 2702 1310 2759 vii,
1326 2704 1409 2757 84,
1431 2702 1490 2768 8)

594 2764 743 2818 Arces
765 2774 857 2817 tres
877 2768 1122 2831 Syracusis
1152 2767 1203 2824 ii,
1225 2773 1276 2823 6,
1299 2770 1364 2815 84

599 2832 682 2891 As,
705 2832 970 2881 terminatio
991 2830 1310 2895 Antiquomm
1331 2830 1382 2877 in
1411 2845 1605 2880 accuss-

531 2896 638 2945 tivis
677 2898 826 2945 tertias
867 2894 1215 2952 declinationis,
1258 2902 1313 2943 ut
1353 2894 1604 2952 Samnitas,

526 2961 817 3017 Acarnanas,
838 2960 928 3009 ὅτε.
960 2960 995 3017 ἰ,
1017 2964 1096 3017 16,
1118 2966 1145 3010 1

597 3026 832 3076 Ascendit
863 3023 1039 3075 bellum
1075 3031 1257 3072 montes
1289 3022 1354 3079 iv,
1386 3026 1467 3081 12,
1491 3028 1522 3073 4
1554 3030 1606 3071 et

595 3136 824 3203 Asculum
855 3152 924 3209 iii,
946 3158 1024 3209 18,
1041 3135 1327 3209 9‚evertitur
1357 3151 1425 3207 iii,
1442 3155 1601 3208 18,14
1664 3197 1671 3203 .

519 3210 528 3216 ”
593 3216 830 3266 Asdrubal
869 3216 1326 3281 Carthaginiensium
1359 3218 1458 3265 dux
1494 3214 1603 3263 ulti-

531 3296 634 3329 mus
667 3279 717 3335 ii,
739 3286 820 3336 16,
843 3285 910 3330 16

596 3344 830 3392 Asdrubal
851 3342 992 3392 frater
1008 3344 1257 3392 Annibalis
1276 3345 1328 3401 ii,
1349 3350 1400 3401 6,
1413 3349 1481 3395 49
1502 3344 1605 3393 vin·

530 3409 652 3459 citur
672 3423 701 3455 s
719 3406 1018 3487 Scipionibus
1049 3408 1102 3465 ii,
1119 3413 1200 3464 17,
1225 3414 1258 3458 6

575 3472 714 3527 ,Asia
757 3474 827 3532 iii,
849 3480 898 3531 6,
920 3477 953 3523 6
1006 3489 1037 3522 a
1074 3472 1305 3536 Pompeio
1342 3473 1607 3537 perdomita

531 3538 600 3596 iii,
623 3544 671 3596 6,
694 3542 776 3590 81.
808 3538 878 3596 iii,
901 3543 982 3597 lo,
1005 3542 1032 3587 1
1070 3537 1314 3602 provincis
1350 3536 1505 3586 Crassi
1538 3538 1603 3595 iv,

529 3608 581 3663 2,
607 3607 670 3654 12

597 3667 813 3717 Asiatica
833 3666 1074 3715 amoenitas
1107 3666 1160 3721 ii,
1184 3669 1314 3723 11,4
1359 3664 1607 3713 hereditas

529 3731 684 3779 Attali
701 3732 822 3795 regis
854 3729 924 3789 iii,
951 3736 1028 3787 12,
1052 3736 1082 3781 8
1137 3728 1380 3779 Romanos
1401 3746 1605 3777 corrum-

530 3794 605 3857 pit
634 3794 705 3851 iii,
724 3800 809 3853 12,
828 3800 859 3844 7
892 3796 1156 3844 Asiaticum
1173 3810 1299 3845 mare
1329 3794 1397 3851 iii,
1420 3800 1471 3852 6.
1495 3799 1560 3845 10

594 3858 790 3906 Asinius
812 3857 970 3905 Pollio
1003 3860 1070 3917 iv,
1094 3864 1171 3915 12,
1197 3864 1257 3909 11

595 3922 817 3972 Asserere
839 3920 952 3986 (pro
973 3922 1245 3980 defendere,
1267 3923 1523 3978 vindicare,
1548 3918 1603 3970 li-

531 3985 717 4052 berare)
737 4005 748 4035 :
781 3986 878 4041 Sic,
898 3984 1078 4034 Asserti
1110 4003 1140 4035 a
1159 3986 1340 4035 Latinis
1363 3986 1604 4050 Tarquinii

529 4052 566 4111 i,
591 4057 672 4111 11,
695 4056 724 4101 1
759 4066 788 4099 a
809 4049 996 4098 Manlio
1019 4051 1128 4098 urbs
1159 4052 1193 4108 i,
1212 4056 1294 4108 18,
1319 4056 1383 4101 19
1417 4052 1477 4101 ab
1498 4050 1601 4115 Ap·

530 4116 692 4226 {2¹¹⁶sp
719 4114 846 4179 leges
867 4112 1155 4162 Gracchanae
1188 4113 1258 4171 iii,
1279 4120 1358 4171 16,
1382 4121 1408 4165 1
1457 4122 1603 4179 atque

576 4179 668 4227 'vio
691 4178 848 4228 Druso
881 4179 949 4235 iii,
973 4183 1054 4236 17,
1079 4183 1104 4227 1
1164 4193 1193 4225 s
1226 4178 1410 4227 Licinio
1433 4180 1601 4228 Crasso

531 4243 687 4304 pudor
700 4240 945 4291 &manus
976 4243 1042 4299 iii,
1065 4246 1148 4300 20,
1172 4246 1234 4293 12
1267 4242 1344 4295 Sic
1365 4262 1376 4290 :
1399 4259 1601 4291 asserere

1662 1210 1671 1224 ,
1730 1165 1801 1215 As

1435 449 1442 457 ,
1504 373 1750 429 ΙΝΒΒΧ
1839 398 1849 409 ·

1670 524 1825 574 socios
1854 523 1906 581 ii,
1930 526 2007 580 18,
2030 527 2063 572 6
2096 521 2349 586 imperium
2380 520 2454 578 iii,
2476 525 2531 579 8,
2556 525 2627 572 19
2678 521 2751 572 Se·v

1668 598 1835 638 natum
1865 587 1934 645 iii,
1956 592 2035 645 17,
2057 592 2089 637 4
2122 587 2231 652 (Sic
2253 595 2271 616 ‘
2294 587 2569 636 assertore&
2586 585 2751 636 dieun-

1668 661 1747 700 tur
1768 655 1899 701 Suet.
1923 653 2048 702 Ces.
2080 667 2191 716 cap.
2222 656 2305 702 8⁰.
2358 651 2643 700 iiber-‚tores
2674 667 2751 714 po-

1666 718 1788 780 puii,
1808 717 2017 765 vindices
2034 715 2291 780 libertatis)

1732 781 2018 830 Assuescere
2053 781 2165 845 (pro
2206 779 2539 844 assuefacere)
2584 780 2657 836 iv,
2679 783 2749 834 12,

1666 850 1732 896 48
1779 846 2029 910 (Suescene
2050 846 2142 894 hoc
2172 845 2319 894 modo
2338 851 2549 908 usus-pet
2565 843 2751 892 Tadius

1664 910 1717 966 ii,
1736 915 1819 966 62,
1840 915 1873 959 4

1731 909 1963 1024 ,mucius
1999 973 2135 1037 (cum
2168 973 2407 1036 ablativo)
2454 972 2495 1030 i,
2534 978 2586 1029 1,
2612 977 2665 1020 7.
2694 971 2747 1028 iv,

1668 1041 1748 1096 12,
1775 1043 1837 1088 17
1871 1038 1979 1102 (Sic
2000 1046 2015 1066 ‘
2029 1037 2261 1086 Assuetus
2276 1038 2599 1086 immodesta
2614 1037 2749 1084 lices·

1668 1102 1733 1150 tis
1752 1103 1974 1152 militari-⁹
2038 1102 2072 1150 J
2076 1103 2253 1150 ustinus
2286 1102 2419 1158 xxxi,
2442 1107 2495 1158 1,
2520 1101 2583 1162 8)

1802 1167 2005 1230 tringere
2024 1166 2265 1214 obsidibus
2298 1167 2366 1222 iv,
2386 1169 2473 1222 12,
2496 1170 2567 1215 62

1731 1231 1963 1280 Astu-ades
1982 1231 2118 1293 pslus
2150 1230 2202 1287 ii,
2225 1233 2307 1287 12,
2328 1236 2361 1280 6

1730 1293 1924 1351 Astura,
1944 1294 1992 1342 fi.
2030 1293 2095 1350 iv,
2119 1298 2201 1351 12,
2225 1297 2291 1342 64

1732 1359 1929 1408 Astures
1960 1359 2025 1414 iv,
2048 1362 2131 1415 12,
2152 1363 2219 1408 46
2270 1357 2535 1406 vincuntur
2566 1371 2597 1404 a
2624 1354 2753 1403 eui-

1670 1423 1741 1470 sio
1774 1423 1840 1480 iv,
1866 1427 1946 1477 12,
1970 1427 2036 1471 64

1735 1484 1991 1534 Assumere
2023 1486 2074 1533 in
2094 1484 2244 1532 decus
2268 1484 2429 1548 gentis
2460 1483 2597 1548 (pm,
2618 1481 2757 1530 επὶ·

1670 1566 1777 1600 cere
1810 1551 1861 1598 in
1896 1564 2068 1598 nomen
2102 1549 2273 1624 gentis,
2308 1549 2573 1611 adoptare)
2604 1547 2657 1602 ii,
2678 1552 2759 1602 15,

1672 1619 1737 1666 12
1770 1613 1849 1680 (in
1869 1615 2033 1670 decus,
2054 1627 2199 1668 emm,
2220 1612 2395 1676 gentis,
2419 1613 2499 1660 hic
2528 1611 2760 1676 intes-pre·

1671 1687 1763 1737 tor,
1800 1695 1915 1735 non,
1952 1687 2007 1726 ut
2040 1684 2166 1726 esset
2204 1677 2355 1726 decus
2374 1677 2557 1740 gentis,
2590 1677 2677 1724 sed
2706 1685 2758 1724 ut

1669 1743 1899 1791 smeretur
1914 1743 2102 1798 decore,
2122 1741 2322 1797 honore,
2346 1738 2498 1804 gloria
2526 1739 2675 1803 hujus
2690 1741 2761 1788 fi-

1661 1807 1842 1870 mina)

1740 1869 1995 1934 Assurgere
2014 1869 2065 1916 in
2080 1869 2319 1917 ultionem
2342 1867 2418 1932 (h.
2436 1885 2485 1917 e.
2516 1883 2761 1932 espessesc

1674 1935 1919 1992 ultionem,
1941 1934 2125 1998 accingi
2148 1931 2347 1996 ultioni)
2378 1931 2453 1990 iii,
2480 1938 2527 1989 1,
2550 1938 2617 1982 16
2650 1934 2763 1997 (ali-

1673 1999 1725 2045 bi
1747 2000 1865 2047 dicit
1884 1997 2193 2062 Consurgere,
2216 1996 2356 2060 cujus
2376 1997 2671 2045 contr-arium
2690 2005 2763 2044 est

1674 2063 1867 2120 Sedere,
1886 2064 1935 2110 h.
1958 2079 2004 2111 e.
2040 2063 2245 2112 otiosum
2262 2075 2386 2116 esse,
2408 2060 2673 2124 quiescere,
2708 2077 2761 2108 a·

1676 2127 1776 2190 pud
1808 2127 1974 2176 Senec-
1994 2126 2046 2173 in
2077 2125 2251 2174 Troad-
2271 2140 2393 2172 vers.
2413 2128 2534 2176 214.
2588 2125 2763 2174 vano-

1676 2205 1805 2248 nem,
1825 2192 1889 2238 de
1910 2187 2149 2238 remsticn
2170 2190 2205 2246 i,
2220 2195 2271 2240 2.
2292 2189 2399 2238 nv.
2420 2189 2476 2245 ii,
2492 2194 2581 2244 12,
2602 2195 2651 2239 1.
2672 2190 2763 2238 Ju-

1675 2269 1783 2302 ven.
1805 2271 1851 2310 x,
1875 2258 1956 2303 98.
1988 2253 2158 2300 Senec.
2176 2255 2239 2301 de
2260 2255 2362 2301 otio
2378 2267 2485 2316 sap.
2504 2254 2637 2310 xxxi,
2653 2254 2715 2320 4)

1742 2317 1947 2383 Asylum
1969 2315 2169 2366 Romuli
2200 2317 2234 2376 i,
2258 2322 2307 2375 1,
2329 2322 2365 2367 9

1740 2381 1863 2432 Atra
1882 2384 2037 2446 imago
2058 2382 2209 2431 Bruto
2230 2398 2279 2433 se
2302 2382 2445 2431 offen
2474 2382 2543 2439 iv,
2567 2388 2621 2441 7,
2642 2388 2675 2433 8

1740 2444 1916 2503 Atesis,
1938 2446 1988 2494 fl.
2021 2445 2089 2503 iii,
2107 2449 2158 2503 8,
2181 2450 2247 2497 12

1742 2510 1949 2560 Athena
1980 2509 2047 2566 iii,
2070 2516 2122 2567 6,
2146 2516 2179 2560 8

1741 2572 1955 2623 Athenio
1988 2574 2055 2630 iii,
2080 2578 2161 2631 19,
2178 2580 2211 2625 9

1739 2638 1895 2703 Atqui
1928 2640 1995 2695 iv,
2016 2643 2067 2696 2,
2088 2643 2152 2687 68

1740 2700 1933 2751 Attslus
1954 2702 2273 2767 Pergamenus
2304 2702 2357 2760 ii,
2384 2707 2436 2760 ⁷,
2458 2707 2493 2753 8

1740 2766 1934 2815 Attalus
1953 2767 2117 2830 prioris
2136 2782 2289 2831 nepos
2320 2766 2373 2824 ii,
2393 2772 2477 2824 20,
2499 2773 2553 2819 2.
2583 2768 2659 2825 iii.
2681 2774 2765 2825 u,

1677 2835 1709 2881 s
1741 2828 1897 2879 Attuli
1917 2832 2163 2881 haereditas
2184 2850 2198 2879 a
2230 2831 2343 2880 vide
2358 2831 2633 2881 Haedis-s

1742 2893 1961 2944 Atterere
1981 2898 2163 2945 bostem
2192 2896 2393 2960 (sensim
2414 2897 2687 2953 debilitare,
2708 2906 2759 2945 et

1677 2959 1979 3025 consumere)
2012 2961 2080 3017 iii,
2098 2965 2181 3015 22,
2204 2967 2235 3010 6
2268 2960 2376 3023 (Sic
2395 2961 2503 3009 Att-
2526 2962 2759 3011 Patrimo—

1678 3024 1809 3071 nium
1830 3025 1965 3072 estin
1987 3024 2117 3073 Suet.
2133 3023 2263 3089 Aug.
2282 3026 2350 3083 xl,
2362 3026 2445 3091 2).
2466 3025 2631 3075 Atteri
2646 3042 2759 3091 ope-

1676 3088 1803 3137 ribus
1837 3086 1889 3144 ii,
1911 3093 1993 3145 18,
2018 3093 2081 3137 10
2659 3134 2669 3143 .

1741 3150 1893 3201 Attici
1925 3152 1979 3210 ii,
1996 3156 2047 3208 9,
2071 3157 2101 3201 8

1741 3216 1820 3266 Μ.
1838 3215 2034 3266 Attilius
2054 3216 2269 3281 Regulus
2300 3218 2353 3275 ii,
2375 3221 2431 3275 2,
2448 3223 2515 3269 17

1740 3280 1904 3330 Attius
1920 3280 2105 3331 Navius
2136 3282 2171 3337 i,
2194 3287 2247 3337 5,
2263 3285 2300 3330 2

1743 3344 1989 3395 Attonitus
2018 3346 2071 3402 ii,
2095 3349 2177 3401 12,
2193 3349 2257 3394 18
2290 3345 2651 3409 (Explicatvim
2670 3350 2753 3396 hs-

1671 3408 1753 3472 jus
1770 3410 1898 3458 verbi
1918 3412 2116 3466 Seneca,
2134 3408 2249 3457 Nat.
2270 3417 2442 3473 quast.
2459 3412 2513 3469 ii,
2530 3418 2614 3463 2⁶1.
2660 3428 2749 3476 quo

1678 3474 1907 3539 (tonitru)
1928 3474 2061 3525 edito
2082 3474 2343 3523 concidunt
2368 3476 2587 3526 homines
2606 3484 2659 3525 et
2676 3494 2749 3525 ex·

1678 3537 1975 3587 animantur:
2010 3540 2205 3604 quidam
2224 3555 2337 3588 vero
2357 3538 2457 3587 vivi
2472 3549 2687 3605 stupent,
2704 3550 2746 3590 et

1678 3602 1729 3649 in
1750 3609 1903 3651 totum
1922 3603 2014 3652 sibi
2032 3604 2275 3659 excidunt,
2297 3618 2419 3667 qnos
2439 3620 2667 3653 vocamus
2684 3612 2743 3653 st·

1676 3666 1873 3725 tonitos,
1894 3682 2095 3731 quorum
2116 3675 2297 3715 mentes
2325 3684 2473 3717 sonus
2490 3669 2575 3717 ille
2592 3670 2742 3718 emia-

1677 3730 1739 3777 tis
1756 3730 1862 3779 loeo
1884 3730 2085 3796 pepulit.
2148 3731 2351 3779 Ovidius
2371 3732 2435 3781 de
2460 3733 2621 3781 Ponto
2652 3734 2685 3789 i,
2700 3738 2741 3785 7.

1678 3797 1757 3906 ‘luz
1784 3804 1813 3923 )‘
1832 3795 1881 3843 N
1884 3810 1959 3843 ern
1981 3796 2074 3843 fuit
2092 3795 2297 3845 attonito
2316 3812 2453 3846 mens
2472 3798 2593 3847 nihi
2624 3798 2741 3845 nulls

1732 3858 1779 3906 u.

1743 3922 2009 3972 Attrectsre
2030 3924 2253 3972 terminos
2273 3925 2455 3974 alienos
2488 3926 2561 3985 iii,
2582 3932 2633 3983 6,
2652 3930 2687 3974 8

1742 3986 1994 4037 Avaricum
2016 3988 2178 4053 (urbs)
2206 3989 2275 4045 iii,
2299 3994 2383 4047 10,
2402 3994 2469 4041 28

1742 4050 1955 4101 Avaritia
1968 4050 2185 4101 Romam
2204 4053 2338 4111 iim,
2356 4059 2421 4103 18
2450 4053 2599 4103 Rom.
2618 4052 2741 4117 equi-

1678 4124 1781 4166 tnm
1815 4118 1884 4175 iii,
1907 4122 1987 4173 12,
2006 4122 2041 4168 9

1742 4181 1991 4230 Auctiores
2010 4197 2128 4245 opes
2160 4181 2225 4240 iv,
2246 4186 2297 4237 2,
2316 4186 2378 4231 10

1744 4246 1927 4293 Auctor
1966 4246 2075 4295 belli
2108 4246 2219 4310 (pro
2249 4244 2459 4309 suasore)
2490 4246 2559 4301 iv,
2594 4252 2643 4302 2,
2665 4250 2740 4294 60-
