2910 4693
933 372 997 422 ι..
1046 375 1306 424 Anum
1359 375 1607 424 nom.
2210 361 2382 430 1131

255 513 336 578 1..
367 511 454 578 A.
487 511 672 577 Flori
703 511 1048 598 Epitome,
1073 516 1196 578 stc.
1215 511 1428 596 juxta
1446 511 1805 578 editionem
1840 512 2118 592 Dukeri‚
2146 513 2375 581 Oxon.

161 615 366 682 18⁰⁷.
393 613 552 680 Svo.

255 717 335 782 L.
367 718 455 782 A.
489 717 679 782 Flori
705 717 1048 801 Epitome,
1087 719 1212 783 &c-
1259 715 1352 781 ad
1399 715 1695 800 optimas
1740 715 2071 782 editiones
2109 718 2378 784 collata.

155 820 367 886 Lucii
396 818 698 904 Ampelii
728 821 934 884 Liber
979 819 1430 885 Memorialis.
1478 817 1930 902 Argentorati‚
1975 839 2064 885 ex
2110 825 2378 904 typogr.

153 922 326 986 Soc.
377 921 653 1005 Bipont.
694 921 887 990 1810.
934 923 1086 988 8vo.
1177 921 1358 988 Haec
1388 920 1689 987 secunda
1714 919 1930 985 editio
1960 921 2379 988 emendatior

149 1031 228 1088 et
255 1025 522 1089 auctior
547 1029 647 1089 est
676 1025 893 1108 prima
933 1025 1211 1109 Biponti
1242 1046 1305 1090 a.
1335 1025 1530 1090 1788.
1559 1043 1841 1102 excusa,
1872 1023 1955 1087 de
1980 1042 2112 1107 qua
2144 1044 2377 1108 supra.

151 1125 598 1192 Praemittitur
631 1123 894 1190 Notitia
911 1127 1265 1206 Literni-ia,
1295 1146 1476 1212 quoe,
1495 1133 1803 1209 utsupra
1830 1124 2151 1204 diximuS,
2176 1126 2377 1192 nobis

149 1225 318 1294 visa
343 1230 451 1292 est
479 1227 709 1311 ampla
737 1239 812 1292 et
851 1235 1191 1296 accurata.
1247 1226 1543 1294 Accedit
1594 1226 1819 1292 Index
1866 1246 2087 1294 rerum
2128 1231 2195 1292 et
2232 1245 2379 1294 ver·

145 1327 422 1394 borum.
469 1323 480 1332 '
1071 1347 1083 1364 ·

67 1433 74 1438 ’
246 1431 328 1496 L.
359 1429 446 1498 A.
478 1431 659 1498 Flori
690 1431 1028 1516 Epitome,
1053 1436 1176 1498 διο.
1209 1453 1303 1497 ex
1328 1432 1619 1498 editione
1645 1430 1716 1496 J.
1744 1429 1824 1496 F.
1852 1429 2183 1510 Fischeri,
2214 1449 2373 1498 cun

145 1535 432 1602 Velleio
465 1535 828 1602 Paterculo
873 1555 964 1600 ex
997 1534 1301 1600 editione
1349 1533 1420 1600 J.
1449 1533 1573 1600 ch.
1606 1532 1703 1598 H.
1735 1532 2037 1600 Kranae.
2104 1533 2376 1602 Recon-

143 1639 298 1704 suit
325 1645 400 1702 et
439 1636 788 1702 accuravit
812 1634 884 1701 J.
918 1635 1142 1720 Carey
1171 1635 1314 1700 LL.
1334 1635 1422 1702 D.
1476 1635 1689 1700 [ond.
1714 1633 1910 1701 1818.
1958 1637 2176 1702 lsmo.

244 1739 452 1820 Quod
479 1738 568 1803 ad
611 1736 924 1802 Versiones
951 1740 1208 1818 attinet,
1233 1737 1448 1804 editio
1484 1739 1860 1822 Bipontina
1889 1740 2161 1806 minime
2186 1739 2375 1806 steri·

138 1843 236 1907 lis
275 1848 404 1909 est.
492 1839 778 1906 Induxit
822 1841 1082 1926 quippe
1132 1841 1465 1920 GallicaS‚
1506 1839 1972 1921 Germanicae,
2020 1840 2373 1925 Anglioes,

145 1945 468 2021 Italicas,
499 1943 854 2026 Belgicam
899 1943 1105 2008 immo
1154 1961 1358 2010 unam
1407 1945 1772 2022 Danicam,
1802 1961 2141 2030 unamque
2170 1943 2375 2010 Polo·

137 2047 392 2110 nicam.
483 2043 592 2108 De
641 2043 1046 2128 Hispanicis
1087 2046 1276 2128 silet3
1327 2064 1458 2111 nec
1501 2065 1631 2110 nos
1674 2045 1998 2111 habemus
2044 2041 2371 2130 quicquid

139 2149 236 2212 de
263 2147 356 2212 iis
381 2146 812 2212 narrandum:
855 2165 1076 2229 neque
1096 2147 1270 2212 enim
1295 2147 1450 2212 Don
1482 2146 1783 2212 Antonio
1810 2145 2167 2232 (Biblioth.
2199 2143 2372 2214 His-

135 2269 307 2334 pan.
338 2247 496 2314 Vol.
529 2265 578 2314 1.
627 2249 750 2314 nbi
797 2249 1058 2314 multus
1105 2255 1210 2314 est
1254 2249 1341 2314 de
1385 2247 1589 2315 Floro
1620 2255 1689 2316 et
1722 2247 1907 2314 Flori
1936 2245 2374 2334 editionibus)

133 2339 343 2417 notat
369 2346 821 2435 Hispanicam
851 2356 972 2415 aut
1001 2350 1535 2433 Portugallicam
1560 2352 1889 2436 aliquam,
1933 2353 2076 2419 sive
2124 2350 2370 2417 editio-

132 2472 292 2519 nem
318 2452 462 2518 sive
487 2448 908 2519 versionem.‘
947 2451 1135 2517 Idem
1165 2459 1389 2518 tamen
1423 2452 1581 2517 Don
1609 2452 1935 2533 Antonio,
1959 2454 2213 2539 aliique
2241 2452 2369 2521 viri

131 2554 357 2635 docti,
387 2562 698 2621 asserunt
727 2554 1000 2621 Florum
1029 2576 1182 2620 esse
1203 2557 1422 2621 civem
1448 2556 1883 2639 Hispanum3
1927 2558 2028 2622 ita
2056 2564 2139 2623 ut
2164 2576 2363 2623 revo-

131 2662 303 2724 cent
331 2656 400 2721 in
431 2658 724 2723 animum
765 2659 966 2724 nobis
1004 2656 1440 2724 memorabile
1485 2658 1667 2723 istud
1715 2657 2054 2740 adagium,
2102 2660 2206 2721 οὐκ
2240 2655 2364 2725 ἔστι

132 2756 434 2845 προῲἦτης
461 2756 690 2843 ἄτιμος,
721 2763 766 2823 εἰ
795 2762 874 2842 μὴ
906 2761 962 2823 ἓν
988 2758 1214 2847 πατρίδι
1245 2759 1344 2823 καὶ
1377 2760 1430 2823 ὃν
1455 2764 1531 2847 τῇ
1558 2756 1713 2843 οἰκίᾳ
1742 2762 1934 2823 αὐτοῦ.

227 2860 435 2941 Quod
467 2862 555 2927 ad
596 2862 1043 2931 Germanicas
1082 2864 1430 2929 versiones
1478 2867 1771 2948 spectat,
1814 2861 2361 2947 praecedentibus

129 2983 372 3043 unam,
403 2963 816 3051 eandemque
855 2966 1292 3033 novissimam
1319 2965 1769 3051 subjicimus:
1815 2964 2059 3033 Florus
2080 2964 2371 3031 entwurf

128 3066 509 3133 romischer
539 3067 1098 3149 Begebenheiten,
1127 3069 1469 3135 ubersetzt
1510 3066 1651 3133 und
1698 3068 1818 3133 mit
1846 3065 2172 3135 Anmerk.
2201 3066 2363 3133 Von

140 3168 266 3235 Dr.
293 3167 372 3234 J.
401 3167 894 3253 Schallgrubers
921 3170 1224 3237 Vindob.
1257 3169 1450 3237 1805.
1482 3168 1637 3236 Svo.
1868 3184 1873 3189 ·

227 3268 480 3354 Neque
513 3271 786 3354 quidem
824 3272 1024 3337 nobis
1064 3270 1330 3337 videtur
1357 3268 1715 3353 Anglicam
1743 3269 1957 3335 ullam
1988 3270 2363 3337 versionem

131 3372 532 3457 Bipontinis
558 3373 1082 3457 praetermissam
1113 3392 1292 3437 esse.
1377 3372 1619 3441 Liceat
1643 3371 1850 3438 modo
1878 3371 2055 3437 duas
2080 3372 2173 3437 ad
2204 3373 2361 3438 Flo·

127 3494 284 3539 rum
301 3474 722 3559 pertinentes
751 3476 1286 3542 Dissertationes
1325 3472 1645 3558 Anglicas
1668 3479 1940 3540 notare:
1980 3490 2245 3558 nempe,
2266 3475 2359 3539 cl.

128 3574 458 3646 Jeremiae
507 3574 900 3643 Marklandi
940 3572 1318 3661 Epistulam
1355 3577 1659 3642 criticam
1706 3574 1795 3639 ad
1834 3574 2355 3639 eruditissimum

127 3677 359 3741 virum
401 3676 836 3745 Franciscum
883 3678 1074 3745 Hare
1119 3675 1426 3765 (Episc.)
1470 3679 1539 3741 in
1588 3695 1745 3761 qua,
1792 3676 1965 3741 inter
2000 3677 2159 3755 alia,
2202 3676 2359 3741 loca

129 3779 456 3863 quoedam
489 3780 681 3847 Flori
705 3780 1151 3862 emendantur,
1178 3780 1467 3845 Cantab.
1494 3778 1690 3845 1725.
1714 3778 1874 3847 Svo.
1913 3784 1987 3845 et
2012 3778 2357 3847 observa-

125 3880 320 3947 tions
349 3900 438 3947 on
469 3879 584 3945 the
604 3880 940 3965 Writings
970 3881 1104 3947 and
1131 3880 1501 3947 character
1524 3879 1605 3946 of
1626 3881 1889 3960 Florus,
1913 3882 2010 3967 by
2038 3879 2357 3947 Edmund

125 3984 415 4061 Burton,
466 3982 636 4070 Esq.
691 3982 948 4052 Fellow
999 3983 1083 4050 of
1129 3982 1318 4049 Trin.
1366 3980 1542 4050 coll.
1600 3980 1840 4049 Camb.
1883 3982 1952 4048 in
2014 3986 2036 4017 ‘
2058 3980 2355 4049 Ancient

125 4084 542 4152 characters
569 4086 874 4153 deduced
903 4086 1073 4153 stom
1099 4084 1428 4151 Classical
1461 4083 1832 4151 Romaim!
1874 4084 2073 4151 1763.
2104 4084 2352 4155 evo,—

125 4186 374 4254 Pauca
398 4190 608 4255 etiam
635 4195 788 4255 sunt
815 4190 1208 4276 hujusmodi
1238 4187 1673 4267 Germanica,
1704 4206 1862 4274 quae
1898 4183 2190 4255 videnda
2216 4186 2350 4254 sint

123 4292 200 4355 in
233 4290 532 4357 Harlesii
567 4292 765 4359 Brev.
795 4292 966 4363 Not.
999 4291 1160 4359 Litt.
1196 4290 1398 4359 Rom.
1430 4312 1500 4377 p.
1530 4291 1682 4357 427.
