2910 4693
694 316 765 365 1..
812 315 1079 366 smum
1128 317 1349 368 suom
1400 316 1542 367 ms.
1589 320 1640 369 1.
1687 320 1854 371 cst.
1896 306 2006 371 22.

232 457 473 521 taedium,
506 454 920 523 languoreru'que
960 464 1017 510 et
1050 459 1191 509 iners
1216 459 1311 509 oti·

230 548 347 595 uns,
384 550 503 599 que
550 534 699 586 senio
738 534 1039 586 afficiebant
1072 536 1207 585 bunc
1242 535 1311 583 vi·

230 624 369 661 rum.
434 610 687 660 Homines
716 616 971 675 mantes,
1004 618 1063 660 ut
1094 610 1170 659 ait
1206 610 1312 676 ille,

228 686 317 737 καὶ
360 688 411 737 ἐν
450 689 601 749 ἤματι
643 686 952 752 motm-
1041 688 1310 737 Praetoren

224 765 339 815 boc
378 771 649 829 sumptum
690 780 721 815 e
760 766 873 815 Iaiv.
906 764 998 829 qui
1030 763 1201 813 liba.
1240 762 1309 813 de

232 843 458 893 Camillo
489 844 666 907 exule,
692 858 809 894 cum
843 843 1091 904 audisset,
1122 843 1307 893 Roma·

232 934 333 969 nos
365 920 509 969 intra
546 920 868 984 Capitolium
908 933 941 967 a
975 918 1143 969 Gallis
1173 932 1309 968 eom·-

236 996 435 1060 pnlsos,
455 996 537 1046 ita
558 996 776 1045 scribit:
809 997 825 1023 ⁸
852 993 959 1047 Qui
980 994 1213 1045 moestior
1234 994 1306 1045 ibi

232 1070 446 1120 fortuna
479 1071 693 1135 publica
713 1086 865 1135 quam
896 1084 1009 1133 sua,
1040 1084 1159 1121 curn
1188 1070 1305 1119 Diis

228 1147 635 1211 hominibusque
666 1146 975 1197 accusandis
994 1152 1308 1209 senesceret,

228 1221 556 1284 indignando
596 1220 931 1287 mirandoque
970 1221 1057 1271 ubi
1096 1221 1171 1271 illi
1210 1223 1306 1272 viri

232 1303 431 1359 esseut,
452 1298 545 1362 qul
578 1311 753 1348 secum
780 1299 942 1348 Veios
974 1297 1306 1363 Faleriosque

232 1374 537 1437 cepissent!
604 1374 737 1424 Inde
764 1375 929 1438 igitur
960 1374 1177 1437 sumpsit
1198 1374 1305 1423 An·

231 1464 397 1513 naeus,
416 1450 559 1515 quod
582 1452 665 1499 bic
690 1451 783 1515 sit,
802 1452 1079 1501 Camillum
1100 1452 1153 1500 in
1176 1451 1304 1501 urbe

229 1526 389 1589 capta
410 1526 767 1589 consenuisse,
786 1540 1003 1577 moerore
1036 1540 1221 1591 nempe
1243 1540 1304 1577 ac

230 1601 395 1651 tedio
440 1607 499 1651 et
558 1600 939 1666 indignatione,
983 1617 1087 1652 non
1133 1604 1305 1653 aetatis

232 1683 441 1727 exacte
458 1678 610 1727 vitio.
676 1678 819 1729 Hinc
856 1678 873 1707 ⁸
898 1679 1097 1729 senium
1117 1679 1131 1701 '
1164 1693 1305 1743 saepe

231 1751 413 1803 Latini
452 1767 551 1816 pro
585 1768 645 1803 re
680 1754 886 1817 ingrata
928 1760 986 1804 et
1016 1754 1195 1804 odiosa
1228 1754 1307 1803 di·

230 1835 377 1879 cunt.
410 1828 705 1879 Fatendum
722 1836 899 1879 tamen
920 1836 1023 1892 est,
1044 1844 1145 1880 non
1166 1828 1305 1879 idem

231 1906 409 1969 dicere
442 1905 677 1967 Horum,
698 1906 801 1955 etsi
822 1905 961 1955 idem
982 1903 1207 1955 fortasse
1228 1904 1306 1954 di-

232 1994 359 2029 cere
378 1981 569 2030 voluit.
634 1981 771 2031 Nam
795 1996 915 2031 cum
938 1980 1099 2041 dicat,
1120 1980 1305 2030 Camil-

227 2057 415 2107 lumin
448 2064 610 2121 capta
643 2059 772 2107 urbe
814 2060 1163 2121 consenuisse,
1190 2059 1305 2123 quis

226 2148 338 2181 non
371 2132 658 2197 intelligat,
688 2132 760 2184 ibi
802 2130 1093 2184 extremum
1132 2136 1305 2185 etatis

230 2214 445 2271 ternpus
484 2210 862 2274 consumpsisse
892 2224 955 2259 ac
976 2217 1304 2263 senectutem

230 2285 511 2349 exegisse?
547 2284 714 2352 Atqui
743 2285 931 2336 falsum
965 2294 1067 2354 est,
1102 2294 1305 2339 tantum

228 2362 485 2425 temporis
528 2362 583 2411 in
622 2363 771 2413 exilii
824 2365 941 2414 loco
998 2365 1304 2416 contrivisse

234 2437 535 2502 Camillum,
555 2447 617 2489 ut
638 2439 742 2489 dici
768 2447 925 2505 quest
960 2441 1153 2491 ibidem
1186 2455 1307 2490 con·

228 2513 484 2564 senuisse.
552 2514 627 2564 At
666 2521 815 2565 recte
856 2517 1049 2574 Livius,
1084 2531 1199 2566 cum
1226 2517 1303 2567 in·

230 2591 367 2655 quit,
386 2591 461 2640 ibi
484 2590 737 2641 Camillus
768 2607 990 2644 moerore
1026 2607 1088 2643 sc
1122 2592 1302 2659 taedio,

228 2667 347 2716 Diis
376 2667 771 2734 hominibusque
794 2669 1097 2720 semisandis
1128 2669 1197 2720 ob
1218 2683 1303 2721 res

227 2745 419 2808 patriae
446 2744 685 2811 afflictas,
698 2755 1011 2798 senesceret.
1049 2748 1299 2798 Senesce-

227 2822 600 2888 bat,inquam,
638 2824 711 2874 ibi
750 2825 1016 2889 Camillus,
1048 2841 1166 2876 cum
1207 2826 1299 2876 illa

221 2907 520 2963 pateretur,
571 2915 689 2966 quae
724 2903 955 2952 homines
997 2909 1117 2952 autc
1160 2901 1297 2952 diem

224 2974 371 3024 senio
390 2982 600 3025 mature
636 2975 887 3038 afficiunt,
906 2983 1017 3040 aut,
1036 2984 1097 3026 nt
1120 2977 1299 3028 Grhci

228 3049 415 3100 Po’e‘tae
453 3050 759 3116 loquuntur,
795 3050 905 3116 ὤμᾷ
931 3051 1079 3116 γήραΐ
1102 3049 1299 3101 διδόασι.

228 3125 305 3176 At
326 3140 431 3176 nou
454 3128 749 3176 consenuit.
782 3127 886 3176 Sol.
946 3127 1008 3175 111
1028 3131 1167 3190 captu
1186 3126 1301 3176 arbe

222 3201 493 3264 mrem]
508 3202 691 3251 Lectio
704 3201 821 3251 baec
838 3201 989 3250 trium
1004 3201 1137 3252 Pau,
1150 3201 1299 3252 item-

226 3291 327 3342 que
352 3292 402 3328 v.
426 3291 475 3327 e.
512 3291 669 3341 quam
690 3278 848 3328 etiam
870 3277 1149 3328 Salmasius
1182 3292 1301 3342 pro·

226 3351 355 3413 bat;
414 3358 744 3416 quapropter
786 3352 1143 3416 recipiendam
1196 3367 1299 3402 uon

228 3427 482 3478 dubitavi.
516 3427 607 3477 Fr.
670 3427 771 3477 Sed
800 3427 881 3478 hic
911 3429 1077 3478 melior
1102 3427 1300 3478 obsonia

222 3503 276 3552 irs
302 3510 449 3568 eapte
478 3503 601 3553 arbe
625 3504 891 3569 comasii]
928 3503 1151 3554 Secutus
1184 3519 1297 3555 sum

224 3579 463 3630 codicem
487 3579 811 3644 Ryckianum
832 3579 883 3629 iu
904 3595 1007 3645 quo
1038 3594 1139 3631 non
1168 3580 1298 3645 legi-

222 3663 309 3704 tur
348 3655 570 3716 ahands,
610 3669 711 3706 nec
748 3656 805 3706 in
844 3657 1012 3721 Regio
1045 3664 1101 3708 et
1130 3659 1297 3708 altero

222 3731 387 3782 Gudii
402 3749 419 3782 :
455 3731 599 3797 quod
618 3745 687 3782 ex
710 3731 845 3782 Naz-
870 3732 1073 3796 pridem
1093 3733 1297 3782 notavit

222 3809 381 3860 etism
400 3808 709 3869 Salmasius,
729 3808 819 3858 cui
839 3807 923 3858 bic
946 3807 1296 3872 obtemperari

220 3897 399 3936 veram
422 3892 559 3936 erat.
630 3885 755 3936 Non
782 3884 922 3935 enim
942 3885 1163 3935 obsessis
1192 3887 1297 3936 Ro-

220 3962 383 4012 manis
404 3962 594 4012 melior
615 3967 755 4022 erat,
776 3959 869 4010 sed
888 3957 1184 4023 Coriolano,
1206 3962 1295 4026 qui

222 4037 455 4102 iujuriam
474 4037 668 4103 patriae
692 4035 1049 4087 vindicaturus
1079 4043 1197 4086 erat
1214 4051 1296 4087 ar·

220 4115 329 4165 mis.
395 4114 657 4166 Camillus
678 4126 808 4162 vero
839 4125 1025 4184 niagno
1043 4113 1167 4164 tulit
1187 4113 1295 4163 ani·

214 4205 299 4243 11ιο
321 4193 560 4258 exilium,
579 4197 640 4242 et
670 4189 1003 4254 reipublice,
1020 4199 1139 4240 cum
1157 4189 1295 4240 illius

2315 308 2446 376 689

1384 465 1622 524 tempora
1645 459 2008 513 desiderarent
2027 462 2142 527 ejus
2160 474 2368 527 operam
2387 470 2446 516 et

1383 536 1670 599 consilium,
1691 550 1794 585 non
1815 536 2004 586 defuit.
2043 540 2302 588 consenuit
2321 554 2444 590 vero

1382 620 1464 663 est
1485 612 1592 662 11.1.
1611 612 1750 677 quod
1783 619 1839 663 et
1872 614 2031 663 Salm.
2063 614 2212 675 vidit,
2234 617 2444 669 exilium

1382 691 1594 753 plenum
1649 690 1782 740 senii
1823 696 1882 741 et
1927 691 2072 741 taedii
2115 693 2224 755 egit
2263 693 2316 743 in
2357 696 2447 747 illa

1382 766 1541 817 urbe:
1574 768 1648 818 sic
1669 775 1728 817 et
1745 766 2002 831 ’γηράσκειν
2035 781 2120 832 ap.
2144 768 2363 819 Hesiod.
2388 778 2446 821 et

1378 842 1522 893 ‘esse
1539 844 1709 893 senio'
1727 857 1807 908 ap.
1829 844 2084 895 Comicus.
2109 844 2277 895 Grec.
2309 848 2445 898 Το11.

1382 918 1572 969 Duisb.
1605 924 1661 968 et
1679 919 1828 969 Voss.
1851 920 2004 983 plane
2023 925 2086 969 ut
2106 919 2226 969 libri
2249 921 2446 973 Salma-

1379 992 1463 1054 sii,
1484 992 1638 1043 Grut.
1661 1000 1718 1043 et
1739 1009 1787 1044 v.
1809 1009 1857 1043 e.
1876 994 2066 1043 omissa
2087 1008 2213 1044 voce
2231 995 2444 1047 ohsessis.

1380 1068 1515 1131 Reg.
1539 1069 1582 1117 F
1602 1066 2444 1133 mammolino-captantum·

1377 1145 1544 1193 uuit.
1595 1146 1728 1210 Reg.
1754 1145 1802 1197 Q
1841 1145 1936 1195 Sed
1965 1146 2044 1195 1111·
2067 1146 2446 1199 melior-obsessis

1378 1219 1431 1267 ia
1450 1226 1640 1284 captos·
1671 1221 1832 1271 urbem
1859 1222 2114 1273 ooaoeaas’t.
2171 1224 2326 1273 Fran.
2359 1229 2444 1273 sed

1377 1295 1458 1345 hie
1477 1298 1645 1346 melior
1665 1296 1718 1347 s‘a
1735 1302 1876 1361 copto
1895 1298 2010 1347 arbe
2029 1300 2282 1349 emacuit.
2315 1302 2442 1350 Vul-

1378 1378 1506 1435 gata
1523 1374 1782 1437 scriptura
1803 1373 2012 1425 videtur
2044 1374 2255 1425 defendi
2291 1392 2444 1441 posse

1376 1461 1445 1497 ex
1484 1462 1566 1510 eo,
1603 1448 1740 1512 quod
1781 1448 2052 1499 Plutarch.
2093 1450 2144 1499 in
2181 1452 2362 1503 Camil.
2385 1460 2442 1503 et

1376 1524 1494 1575 Liv.
1526 1537 1578 1574 v.
1610 1529 1692 1575 ⁴³.
1725 1525 1982 1591 scribunt,
2017 1526 2288 1577 Camillum
2325 1544 2444 1593 par-

1380 1608 1487 1651 tem
1503 1602 1762 1653 exercitus
1779 1602 2047 1652 Gallorum
2065 1602 2336 1654 obsidione
2351 1606 2446 1656 Cs-

1378 1678 1550 1741 pitoiii
1589 1678 1773 1727 relicta
1815 1692 1912 1741 per
1945 1676 2204 1729 finitimos*
2227 1681 2447 1744 populos

1378 1752 1704 1817 praedantem
1723 1752 1914 1803 auxilio
1931 1752 2238 1805 Ardeatium
2255 1769 2445 1820 mogus

1378 1829 1532 1880 clade
1570 1828 1846 1881 adfecisse.
1911 1830 2046 1880 Nam
2080 1843 2144 1880 ea
2173 1844 2230 1880 re
2268 1838 2446 1895 potest

1380 1904 1488 1955 dici
1531 1904 1852 1955 consuluisse
1893 1906 2136 1969 obsessis,
2178 1908 2318 1972 quod
2369 1909 2446 1959 ita

1378 1984 1516 2033 vires
1535 1982 1754 2032 bostium
1777 1982 2164 2035 minuebantur.
2213 1985 2317 2035 Sed
2339 2001 2444 2037 non

1378 2058 1576 2109 dandus
1593 2066 1676 2109 est
1695 2058 1838 2109 locus
1863 2060 2098 2124 quaesitis
2131 2060 2446 2126 interpreta-

1376 2134 1602 2193 tionibus
1637 2142 1825 2185 contra
1858 2135 2023 2185 libros
2062 2136 2304 2202 scriptos.
2371 2139 2446 2189 Et

1380 2217 1556 2262 tamen
1597 2225 1666 2260 ue
1707 2211 1890 2260 horum
1941 2210 2148 2276 quidem
2183 2213 2444 2278 scriptura

1380 2285 1688 2337 difficultate
1709 2293 1872 2337 caret.
1907 2288 2078 2337 Nemo
2099 2288 2308 2352 ignorat
2325 2290 2342 2319 ⁸
2361 2304 2442 2340 se·

1377 2366 1518 2414 nium
1533 2365 1549 2388 ⁸
1586 2379 1726 2430 saepe
1750 2366 1856 2416 dici
1885 2381 1980 2430 pro
2001 2379 2240 2431 moerore,
2261 2368 2442 2432 taedio,

1378 2455 1441 2490 ac
1461 2442 1738 2507 squallore,
1760 2449 1816 2492 et
1847 2445 1861 2470 ⁸
1881 2456 2152 2492 senescere
2165 2443 2188 2482 '-
2201 2451 2258 2494 et
2279 2445 2295 2471 ⁸
2319 2459 2442 2494 cou-

1374 2531 1648 2568 senescere
1661 2517 1677 2540 ’
1702 2531 1815 2581 pro,
1833 2532 2052 2568 moerore
2067 2531 2130 2568 ac
2149 2517 2308 2569 taedio
2323 2533 2442 2569 con-

1374 2594 1525 2654 sumi,
1547 2594 1704 2658 idque
1727 2594 2019 2644 docuerunt
2039 2593 2200 2644 etiam
2221 2594 2441 2645 casaub.

1378 2670 1443 2719 ad
1467 2671 1618 2721 Pers.
1640 2685 1682 2720 1.
1701 2671 1758 2720 S.
1779 2675 1863 2721 26.
1900 2678 1958 2719 et
1991 2681 2067 2719 vt.
2089 2671 2142 2718 S.
2165 2674 2244 2718 16.
2278 2669 2441 2720 Gron.

1377 2747 1443 2797 ad
1477 2748 1589 2797 Liv.
1613 2759 1775 2796 xxix.
1799 2751 1881 2798 33.
1915 2754 1972 2796 et
2003 2744 2206 2794 Schult.
2232 2743 2298 2792 ad
2318 2743 2441 2796 Seu.

1376 2822 1628 2872 Controv.
1651 2833 1730 2870 xr.
1775 2821 1972 2869 Verum
1993 2833 2098 2868 uon
2121 2831 2268 2884 {eque
2287 2833 2441 2883 aper-

1376 2903 1490 2946 tum
1529 2904 1632 2960 est,
1666 2897 1720 2945 in
1743 2909 1848 2961 qua
1879 2895 1994 2945 arbe
2029 2901 2170 2960 copta
2201 2895 2442 2966 exsilium

1374 2973 1586 3036 plenum
1649 2972 1886 3022 moeroris
1943 2972 2120 3040 egerit
2171 2971 2442 3022 Camillus·

1376 3048 1514 3098 Nam
1559 3047 1700 3114 quod
1739 3049 1898 3097 Saltu.
1933 3049 1948 3076 ⁸
1975 3053 2185 3112 captam
2229 3047 2408 3098 urbem
2423 3047 2442 3078 θ

1376 3123 1595 3186 exponit
1620 3123 1790 3187 Veios,
1812 3123 1872 3186 id⁸
1889 3121 2148 3173 refellitur
2167 3138 2196 3173 e
2219 3123 2361 3174 Plut.
2385 3123 2438 3173 111

1376 3199 1560 3249 Camil.
1597 3199 1710 3248 Liv.
1733 3213 1788 3250 V.
1812 3203 1896 3249 ⁴3.
1933 3206 1992 3249 et
2026 3204 2110 3250 ⁴6.
2161 3199 2290 3251 Aur.
2323 3201 2439 3250 Vic.

1374 3288 1421 3326 c.
1439 3287 1609 3326 xxm.
1629 3281 1686 3325 et
1707 3275 1848 3340 App.
1867 3277 1920 3326 in
1937 3277 2184 3341 Excerpt.
2205 3277 2436 3326 Peiresc.

1373 3364 1427 3414 p.
1450 3353 1566 3400 649.
1591 3351 1678 3416 qui
1699 3365 1876 3402 omnes
1897 3353 2170 3403 Camillum
2203 3367 2306 3402 nou
2331 3353 2437 3402 Ve-

1372 3427 1454 3488 iis,
1495 3426 1592 3476 sed
1642 3426 1832 3478 Ardeae
1889 3429 2156 3478 exsulasse
2205 3426 2440 3476 tradunt.

1372 3503 1628 3553 Veniebat
1645 3504 1700 3552 iu
1717 3511 1961 3567 ruentem,
1979 3504 1996 3532 ⁸
2011 3511 2220 3567 captam
2236 3501 2438 3552 urbem’

1372 3577 1439 3628 de
1465 3579 1627 3628 Roma
1647 3593 1800 3644 posse
1823 3579 2012 3643 accipi,
2027 3579 2124 3631 hac
2141 3579 2434 3628 sententis:

1373 3655 1619 3705 Camillus
1639 3655 1824 3704 melior
1846 3654 1948 3704 fuit
1972 3654 2280 3705 Coriolano=
2317 3666 2436 3704 nam

1372 3743 1530 3794 quum
1567 3728 1651 3778 bic
1685 3729 1880 3779 Urbem
1914 3743 2106 3792 capere
2129 3735 2186 3779 et
2206 3729 2434 3782 hostibus

1372 3805 1586 3855 tradere
1605 3805 1842 3868 voluerit,
1857 3805 2104 3855 Camillus
2120 3813 2304 3856 contra
2319 3819 2436 3856 earu

1371 3890 1578 3944 captam
1607 3879 1840 3930 hostibus
1873 3881 2082 3945 eripuit,
2103 3889 2160 3931 et
2181 3883 2234 3932 iu
2256 3898 2321 3933 ea
2343 3882 2433 3931 de·

1370 3956 1495 4006 iude
1530 3955 1820 4021 consenuit,
1857 3973 2015 4022 quum
2051 3958 2356 4010 Coriolanus
2379 3958 2433 4006 iu

1368 4037 1512 4087 illam
1535 4050 1637 4086 non
1665 4037 1897 4088 redierit.
1959 4037 2064 4088 Sed
2103 4038 2236 4088 hanc
2271 4038 2432 4085 inter-

1370 4115 1718 4178 pretationem
1733 4129 1838 4165 nou
1864 4116 2131 4179 patiuntur
2149 4112 2434 4177 sequentis.

1370 4189 1506 4240 Nam
1529 4189 1776 4240 Caruilius
1807 4191 2032 4254 primum
2051 4189 2248 4238 dicitur
2271 4187 2324 4235 111
2347 4199 2432 4250 ur-
