2910 4693
487 352 619 421 948

1199 364 1414 416 NOTAE
1462 364 1862 415 VARlORUM
1911 360 1987 413 m

489 512 731 563 eruimus.
787 510 1010 561 Sulmone
1031 522 1152 559 sane
1175 514 1448 559 exaratum
1468 522 1550 559 re·
1624 508 1849 557 bendum
1872 508 2042 570 putat,
2072 508 2131 553 ut
2168 502 2377 567 integra
2408 501 2585 551 oratio
2604 500 2693 561 sit,

489 588 604 653 peri
628 588 680 635 in
705 585 912 649 optimis
931 586 1251 644 membranis,
1269 592 1324 634 et
1344 585 1551 633 omnino

489 664 568 713 ita
595 672 714 712 erut
733 661 1110 711 excudendum.
1147 661 1293 711 Sulm.
1358 660 1552 710 Sensus

491 748 608 789 est:
644 740 887 788 Deletum
909 737 1174 802 oppidum,
1207 752 1310 787 non
1343 736 1553 787 obsides

493 820 742 875 necatos3
775 818 835 863 ut
873 813 1116 863 videatur
1146 814 1329 863 Florus
1353 828 1557 877 compa·

493 902 640 939 resse
671 889 965 937 Sulmonem
988 888 1121 937 hanc
1141 902 1256 937 cum
1274 887 1561 951 obsidibus,

496 966 606 1031 qui,
639 966 684 1015 si
705 964 860 1013 fidem
883 963 1068 1014 fallant
1090 978 1266 1014 eorum
1290 965 1452 1027 cives,
1474 980 1559 1015 oc-

390 1072 396 1077 ·
432 1025 440 1035 ⁵
495 1040 600 1091 cidi
623 1040 825 1089 solent:
863 1046 924 1088 ut
945 1038 1186 1090 videatur
1205 1042 1421 1105 propior
1441 1056 1559 1091 cou-

486 1118 716 1181 jecturu,
749 1118 796 1165 si
832 1117 1091 1178 legamus3
1121 1118 1239 1166 Jam
1273 1117 1557 1177 Sulmonem,

493 1198 586 1242 oet.
624 1208 730 1255 opp.
773 1208 868 1241 soe.
903 1196 1043 1254 utque
1079 1193 1299 1255 amicum,
1333 1192 1561 1255 (fucinus

490 1268 741 1329 indignum
755 1266 814 1329 I)
865 1268 1066 1315 nondum
1117 1272 1458 1330 expugnatum,
1503 1272 1559 1317 ut

493 1344 690 1401 obsides,
713 1344 950 1393 rebellium
971 1344 1096 1405 odio,
1117 1344 1261 1393 morti
1277 1342 1398 1408 (hoc
1419 1344 1559 1393 enim

498 1432 648 1483 mque
678 1419 866 1468 bonum
905 1431 1056 1483 quam
1079 1423 1245 1481 morte,
1278 1418 1434 1468 immo
1457 1434 1559 1468 me·

496 1494 620 1557 lius)
659 1496 871 1545 damnati
909 1495 1020 1543 duci
1060 1494 1317 1555 jubentur.-
1347 1496 1436 1555 sic,
1476 1498 1557 1559 ξε.

498 1573 736 1623 Freinsh.
782 1572 1007 1624 Obsides
1023 1586 1192 1621 aunon
1207 1571 1375 1622 sancti
1396 1576 1563 1633 erant,

503 1663 632 1714 quos
653 1648 848 1699 laedere
872 1654 928 1697 et
945 1647 1136 1697 violare
1155 1648 1413 1711 piaculum
1431 1652 1562 1708 erat,

501 1724 619 1787 nisi,
655 1723 742 1789 qni
777 1721 994 1771 dederet
1027 1722 1252 1784 obsides,
1281 1721 1436 1771 fidem
1460 1720 1561 1770 fre·

502 1802 684 1867 gissct,
707 1808 762 1851 et
784 1802 982 1850 scelere
1005 1815 1060 1850 se
1081 1798 1394 1863 obligasset?
1426 1801 1562 1849 Sane

503 1892 623 1927 cum
656 1876 904 1941 Juppiter
939 1890 1021 1940 ap.
1063 1877 1164 1927 Ov.
1191 1892 1228 1927 ι.
1255 1877 1330 1926 Μ.
1367 1878 1419 1925 in
1441 1890 1563 1926 con-

505 1968 646 2003 sessu
691 1954 920 2001 Deorum
969 1960 1254 2016 exaggerat
1299 1951 1563 2001 feritatem

503 2030 782 2094 Lycaonis,
807 2036 1175 2079 commemorat
1198 2042 1404 2093 quoque
1428 2028 1563 2077 illins

503 2106 566 2161 in,
587 2104 792 2155 obsides
825 2105 1224 2153 immunitatem=
1261 2110 1275 2131 ‘
1312 2103 1461 2151 Missi
1497 2103 1563 2153 de

501 2188 659 2244 gente
683 2180 908 2229 Molossa
933 2178 1140 2227 Obsidis
1165 2178 1312 2225 unius
1324 2175 1563 2241 jugulum

502 2268 748 2303 mucrone
785 2251 1032 2302 resolvit.’
1101 2252 1286 2316 Itaque
1307 2253 1467 2301 credo
1488 2253 1563 2300 ln·

504 2327 836 2392 comparabili
871 2326 1073 2377 doctori
1106 2340 1219 2377 meo
1249 2328 1302 2380 J.
1333 2329 1392 2378 F.
1429 2328 1563 2379 Gro-

501 2403 674 2466 novio‚
707 2404 944 2452 censenti
989 2403 1378 2453 rescribendum
1417 2419 1561 2454 esse:

501 2486 555 2530 ut
578 2481 732 2528 hostes
749 2478 866 2539 jure
885 2478 1011 2540 beni,
1036 2483 1084 2528 et
1103 2481 1238 2528 modo
1260 2485 1410 2529 morte
1431 2481 1564 2529 dum-

502 2557 608 2604 ποτὶ
625 2555 738 2603 duci
757 2553 1006 2614 jubentur.
1072 2553 1266 2604 Hostes
1294 2556 1418 2618 jure
1441 2555 1565 2604 belli

503 2629 886 2681 interficiuntur
915 2630 1140 2692 impune.
1179 2629 1343 2680 Groeu.
1409 2632 1563 2680 Voss.

508 2713 556 2766 l.
581 2714 637 2757 et
659 2712 708 2758 8.
742 2706 1024 2756 Sulmonem.
1080 2708 1251 2772 Ryck.
1289 2709 1567 2758 Sulmonem.-

507 2785 673 2835 ceteri
695 2799 744 2833 ο.
766 2799 809 2834 s.
833 2783 896 2833 E.
921 2798 971 2832 v,
997 2789 1051 2832 et
1069 2784 1122 2834 J.
1147 2784 1386 2833 Sulmone.
1435 2783 1567 2834 Haec

505 2875 608 2910 nou
650 2869 866 2922 possunt
909 2858 1193 2908 consistere
1238 2859 1475 2922 Sulmone,
1511 2866 1568 2909 et

506 2941 846 3000 expugnatum,
879 2937 976 2986 nisi
1016 2951 1082 2986 ex
1121 2937 1420 3001 conjectura
1457 2937 1567 2985 Sal-

505 3011 656 3062 masii
695 3013 904 3076 legatur
947 3019 1228 3075 expugnato.
1309 3013 1412 3062 Sed
1470 3014 1566 3062 hoc

505 3101 676 3150 neque
721 3088 926 3150 scripti,
971 3101 1137 3152 neque.
1177 3088 1307 3138 editi
1345 3089 1437 3138 ulli
1480 3089 1569 3136 ha-

506 3161 650 3210 beut.
715 3161 830 3210 Nec
863 3161 1015 3211 video
1055 3177 1170 3226 qnoe
1204 3163 1274 3212 sit
1309 3163 1569 3213 sententia

504 3235 561 3283 in
585 3233 753 3282 verbis
784 3239 832 3282 et
853 3237 1004 3285 modo.
1069 3235 1344 3300 Augustin.
1377 3251 1463 3287 ιιι.
1502 3239 1567 3288 de

509 3308 572 3357 C.
595 3308 661 3355 D.
685 3312 766 3357 28.
793 3309 809 3336 ‘
835 3309 949 3356 Una
973 3317 1122 3366 νεειό,ι
1136 3313 1276 3360 velut
1299 3326 1428 3360 unus
1449 3327 1569 3362 rens

505 3383 676 3434 occidi
707 3382 1001 3446 juberetur,
1039 3383 1112 3432 sic
1156 3391 1266 3434 tota
1295 3385 1446 3448 jussa
1484 3394 1569 3436 est

508 3461 692 3518 civitas
738 3457 1022 3510 trucidari!
1089 3461 1170 3509 Ex
1213 3461 1289 3509 liis
1325 3461 1568 3510 emenda-

510 3538 640 3588 tioni
689 3544 780 3587 aut
822 3536 1155 3602 explicationi
1217 3537 1356 3586 Flori
1399 3535 1567 3585 subsi-

507 3613 648 3664 dium
685 3615 794 3678 peti
829 3629 982 3678 posse
1019 3613 1305 3678 scripserat
1341 3612 1410 3664 G.
1433 3614 1567 3662 Vos·

508 3689 630 3737 siue.
697 3691 950 3740 Quaerant
975 3691 1251 3741 acutiores.
1319 3691 1432 3754 Ego
1463 3701 1567 3738 non

507 3763 732 3826 invenio,
753 3773 807 3814 et
829 3766 1092 3816 adsentior
1107 3767 1289 3824 Annae,
1307 3767 1425 3816 huic
1446 3768 1567 3816 loco

507 3839 826 3900 conjecturis
870 3842 1144 3892 sanitatem
1199 3843 1406 3892 restitui
1463 3855 1565 3891 non

509 3927 676 3977 posse.
741 3913 1060 3978 Perizonius,
1101 3917 1239 3980 qnod
1275 3924 1432 3966 antea
1464 3931 1566 3967 non

509 3988 758 4051 videram,
789 3989 855 4037 ad
887 3989 1065 4038 Sanct-
1091 3990 1226 4041 Min.
1247 4005 1312 4040 ιι.
1331 3998 1380 4042 5.
1399 3998 1448 4042 6.
1484 4007 1565 4042 os-

509 4069 700 4128 tendit,
717 4067 1063 4118 accusativum
1084 4081 1228 4131 saepe
1247 4069 1322 4116 itu
1347 4071 1486 4132 poni,
1506 4077 1567 4119 nt

506 4145 848 4208 supplendum
871 4144 960 4205 sit,
992 4143 1130 4207 quod
1165 4142 1355 4194 attinet
1393 4143 1477 4207 nd,
1510 4151 1567 4194 ct

509 4221 568 4268 id
605 4223 1022 4285 supplementum
1063 4219 1146 4270 hic
1184 4235 1386 4286 quoque
1426 4221 1565 4271 adhi-

1626 584 1767 649 quod
1807 584 1873 633 ad
1916 583 2209 632 Sulmonem
2251 581 2481 629 attinet:
2518 592 2695 645 quam-

1628 674 1782 726 quam
1818 660 1901 709 vel
1940 659 2048 707 sine
2080 658 2173 706 illo
2206 657 2476 719 vulgatam
2508 656 2695 704 lectio-

1629 750 1748 787 nem
1772 750 1865 801 per
1898 734 2279 799 appositionem
2310 731 2511 795 exponi
2542 742 2693 794 posse

1630 819 1839 861 censet:
1875 825 1975 876 quo
1996 810 2153 860 etiam
2188 810 2448 859 inclinare
2470 808 2693 865 videtur,

1628 890 1673 939 si
1696 896 1843 938 recte
1864 894 2093 937 mentem
2110 886 2249 936 illius
2266 886 2529 949 percipio,
2542 885 2695 947 Wop-

1630 966 1839 1015 kensius
1875 976 1916 1012 1.
1951 964 2185 1013 Lection.
2222 962 2457 1013 Tullian.
2491 968 2538 1010 5.
2604 960 2691 1009 Ita

1629 1048 1911 1091 structuras
1970 1041 2198 1105 quidem,
2252 1054 2417 1104 quam
2453 1038 2687 1087 laborare

1633 1117 1853 1181 putabat
1884 1115 2181 1176 Salmasius,
2214 1114 2553 1171 succurritur3
2584 1110 2673 1159 sed

1632 1206 1808 1243 sensns
1848 1204 2044 1253 eorum,
2075 1204 2192 1255 quae
2230 1204 2357 1237 mox
2396 1193 2677 1251 sequnntur,

1633 1270 1758 1319 mihi
1780 1268 1955 1329 nihilo,
1986 1278 2141 1330 quum
2164 1272 2308 1321 ante,
2351 1264 2573 1327 apertior
2590 1270 2683 1311 est.

1638 1344 1851 1406 Obsides,
1884 1343 1927 1391 si
1971 1342 2047 1390 ita
2096 1341 2312 1403 scripsit
2356 1340 2565 1398 Florus,
2594 1352 2689 1385 nou

1634 1420 1721 1468 alii
1744 1418 1962 1482 intelligi
1984 1423 2219 1481 possunt,
2244 1430 2403 1479 quarn
2424 1429 2553 1479 qnos
2574 1413 2691 1462 dicit

1636 1497 2016 1546 Freinshemius
2037 1513 2050 1546 z
2086 1508 2200 1544 nam
2226 1496 2321 1543 hos
2346 1492 2612 1543 interdum
2632 1491 2687 1539 ob

1634 1572 1838 1635 culpam
1872 1584 2065 1633 eorum,
2103 1586 2137 1621 a
2172 1563 2365 1635 qnibns'
2398 1570 2516 1618 dati
2542 1574 2691 1627 erant,

1634 1650 1827 1699 occisos
1852 1646 2010 1697 fuisse
2034 1662 2064 1696 e
2087 1646 2197 1696 mv.
2216 1660 2281 1695 n.
2298 1650 2383 1694 16.
2409 1652 2469 1695 et
2492 1645 2603 1693 aliis
2619 1659 2691 1707 ap.

1636 1723 1785 1773 Grot.
1820 1722 1885 1773 de
1904 1722 1959 1774 J.
1984 1723 2047 1771 B.
2074 1737 2135 1771 ac
2162 1722 2227 1771 P.
2264 1736 2353 1769 ιιι.
2393 1726 2446 1770 4.
2472 1724 2554 1769 u.
2587 1734 2691 1770 cou-

1636 1804 1776 1859 stat3
1828 1798 1963 1863 quod
2009 1796 2143 1847 liaud
2194 1796 2360 1845 dubie
2408 1798 2541 1860 jure
2582 1796 2693 1845 belli

1636 1874 1797 1924 licere
1828 1873 2145 1933 credebant3
2180 1886 2340 1935 quum
2371 1872 2465 1921 alii
2493 1872 2695 1921 inviola-

1636 1951 1766 2000 biles
1806 1950 2135 2000 haberentur.
2200 1947 2308 1997 Sed
2354 1948 2541 1997 nescio
2582 1962 2691 2011 quo-

1637 2026 1792 2077 modo
1816 2026 1971 2075 Floro
2004 2026 2059 2073 in
2090 2025 2185 2073 huc
2208 2023 2609 2087 comparatione
2628 2024 2693 2071 in-

1636 2102 1900 2155 stituenda
1920 2102 2237 2166 potissimum
2261 2100 2319 2148 in
2351 2106 2589 2149 mentem
2620 2114 2697 2147 ve-

1638 2184 1778 2232 nerit
1797 2180 2052 2241 obsidum,
2085 2192 2212 2242 quos
2238 2176 2469 2227 interfici
2490 2178 2697 2239 licebat,

1638 2259 1785 2322 cujus
1808 2256 1882 2307 rei
1907 2254 2179 2306 admodum
2219 2267 2340 2301 rara
2370 2260 2498 2302 sunt
2534 2267 2697 2301 exem-

1638 2335 1729 2399 plu
1751 2334 1801 2403 in
1824 2334 2191 2390 Romanorum,
2210 2335 2266 2379 et
2287 2328 2505 2379 aliaru-
2528 2328 2697 2394 pullo

1640 2410 1911 2459 cultiorum
1968 2407 2215 2471 gentium,
2256 2405 2493 2455 historin.
2586 2405 2697 2454 Nec

1638 2487 1809 2549 video,
1838 2483 1961 2550 quid
1984 2485 2065 2532 hic
2088 2483 2247 2532 verba
2268 2487 2321 2531 et
2340 2483 2477 2532 modo
2506 2481 2671 2530 velint
2685 2497 2700 2526 ε

1638 2577 1756 2612 nam
1795 2561 1845 2610 in
1878 2561 1940 2609 iis
1962 2559 2081 2609 mihi
2102 2561 2235 2607 modo
2254 2558 2389 2607 nihil
2407 2557 2564 2607 bonae
2587 2571 2703 2607 sen·

1641 2635 1819 2686 tentiae
1840 2635 2033 2684 habere
2066 2635 2285 2683 videtur.
2356 2633 2703 2696 Wopkensins

1639 2712 1947 2762 sententium
1976 2709 2136 2760 totius
2168 2709 2269 2758 loci
2304 2708 2381 2758 ita
2406 2707 2700 2771 explicuit:

1640 2786 2084 2840 Quemadmodum
2106 2784 2307 2833 obsides
2331 2784 2457 2847 jure
2491 2783 2619 2832 belli
2648 2789 2703 2830 et

1639 2863 1795 2912 modo
1836 2868 2003 2911 morte
2036 2859 2263 2908 damnati
2296 2859 2419 2908 duci
2442 2857 2701 2922 jubeban-

1640 2945 1728 2988 tur
1747 2953 1777 2987 a
1800 2939 1964 3001 Sylla,
1994 2937 2068 2986 sic
2089 2950 2295 3001 quoque
2310 2935 2492 2984 Sulmo
2514 2935 2700 2984 civitas

1642 3013 1885 3063 damnata
1905 3013 1969 3062 ab
1998 3012 2181 3062 eodem
2202 3010 2500 3075 jubebatur
2520 3010 2700 3060 deleri.

1641 3093 1765 3140 Jure
1786 3089 1911 3152 beni,
1941 3089 2039 3139 boc
2062 3095 2159 3150 est,
2190 3087 2337 3152 qnasi
2376 3087 2477 3137 hoc
2512 3087 2585 3136 illi
2610 3087 2695 3150 jos

1640 3165 1766 3215 belli
1808 3165 2153 3228 permitteret.
2240 3165 2305 3212 Et
2356 3165 2499 3212 mdo
2552 3167 2697 3211 morte

1643 3241 1873 3300 damnati,
1904 3241 1953 3289 Ιι.
1974 3253 2045 3301 e.,
2074 3237 2214 3288 nullu
2234 3239 2543 3303 questione,
2562 3237 2693 3287 nullo

1642 3315 1867 3364 criminis
1886 3315 2125 3364 examine
2148 3313 2402 3373 adhibito,
2434 3315 2531 3362 sed
2558 3324 2691 3362 εει-ο

1643 3391 1840 3454 impetu
1874 3389 2122 3438 damnati.
2190 3389 2347 3438 Hanc
2386 3389 2691 3450 interpreta-

1645 3469 1838 3517 tionem
1858 3481 1951 3516 cur
1974 3466 2214 3529 accipere
2234 3479 2336 3514 non
2358 3465 2574 3529 possim,
2586 3465 2689 3512 hirc

1644 3543 1881 3592 obstant:
1917 3541 2155 3605 primum,
2198 3539 2339 3604 quod
2376 3555 2481 3589 non
2523 3543 2689 3604 potest

1642 3617 1843 3667 ostendi
1866 3616 2089 3678 obsides,
2120 3629 2249 3679 quos
2278 3613 2414 3663 dicit
2436 3614 2623 3674 Florus,
2652 3625 2683 3659 a

1640 3693 1787 3755 Sylla
1807 3691 2068 3740 damnatos
2105 3695 2161 3738 et
2190 3689 2314 3738 duci
2344 3689 2540 3752 jussos3
2566 3699 2675 3733 nam

1642 3767 1775 3833 quod
1804 3767 1887 3816 hic
1920 3767 1939 3794 ‘
1966 3764 2245 3828 jubentur’
2286 3777 2387 3826 per
2426 3763 2679 3825 enallagen

1642 3844 1892 3907 temporis
1914 3841 2109 3891 dictum
2142 3840 2275 3904 vult,
2306 3853 2423 3902 pro,
2442 3838 2682 3903 jubeban-

1644 3925 1746 3981 tur,
1776 3931 1877 3967 non
1900 3915 2074 3977 facilc,
2107 3916 2160 3964 ni
2200 3913 2353 3963 valde
2390 3913 2557 3975 fallor,
2586 3911 2685 3961 cui·

1642 4009 1793 4058 quam
1854 3989 2219 4056 persuadebit:
2290 3990 2499 4052 deinde,
2556 3987 2680 4055 quod

1642 4069 1785 4133 Sylla
1826 4068 2135 4127 Sulmonem,
2185 4081 2357 4130 qnam,
2416 4073 2475 4114 nt
2517 4072 2681 4114 cetera

1640 4141 1937 4207 municipia,
1955 4157 2069 4206 quae
2094 4141 2279 4190 Florus
2298 4148 2565 4202 memorat,
2580 4139 2683 4188 Ma-

1641 4219 1899 4271 rianarum
1922 4215 2144 4284 partium
2166 4215 2326 4267 fuisse
2348 4217 2491 4267 credi
2514 4215 2677 4273 debet,
