2910 4693
511 366 641 432 790

511 537 627 575 xrv.
648 526 764 575 220.
799 522 903 575 ‘Et
932 525 1021 592 qui
1047 527 1295 591 presenti
1313 526 1575 579 domitant

508 602 725 665 perjura
772 601 940 652 Palici
1006 602 1234 653 Pectora
1287 602 1576 668 supplicio!

510 676 639 725 Pari
660 676 812 727 modo
834 678 851 707 ⁴
878 678 1094 727 Poeuam
1116 682 1452 742 proesentem’
1483 680 1573 729 ha-

506 753 600 803 bes
623 768 706 817 ap.
729 753 843 805 Cic.
865 755 953 805 lib.
967 768 1031 805 n.
1055 755 1121 805 de
1142 755 1409 806 Divinat.‘
1428 756 1572 807 Prae·

508 842 628 879 sens
652 829 936 893 periculum
954 832 969 855 ’
998 830 1186 893 passim
1208 830 1572 895 scriptoribus,

506 912 567 956 et
602 908 619 935 ⁸
644 904 889 955 Praesens
928 904 1119 956 morsz’
1176 906 1251 958 ita
1293 906 1440 956 Curt.
1475 907 1569 958 lib.

506 997 588 1035 rx.
611 989 659 1033 1.
702 982 856 1034 Maro
891 982 1009 1033 AEu.
1050 996 1089 1034 1.
1144 984 1326 1035 Florus
1342 985 1458 1049 ipse
1474 984 1571 1034 sub

505 1056 661 1109 finem
692 1057 813 1107 libri
850 1058 1025 1123 primi.
1082 1058 1234 1109 Unde
1256 1059 1318 1109 fit
1340 1066 1400 1111 ut
1428 1066 1486 1110 et
1516 1061 1574 1110 li-

505 1134 603 1183 bro
640 1146 729 1197 ur,
764 1138 845 1185 14.
886 1150 972 1198 ap.
1018 1134 1160 1184 Fior.
1200 1135 1355 1186 eund.
1398 1136 1571 1185 malim

502 1210 521 1238 ⁶
542 1207 795 1274 Adeoque
817 1210 1094 1274 praesentis
1113 1216 1255 1260 metu
1276 1211 1458 1261 mortis
1484 1226 1571 1261 ex-

506 1282 722 1334 terruit'
776 1300 930 1351 quam
967 1287 1227 1348 prasenti.-
1284 1299 1386 1335 uon
1429 1289 1570 1337 enim

504 1360 754 1410 recordor
769 1360 891 1411 alibi
907 1367 1081 1411 metum
1091 1368 1374 1426 presentem
1391 1376 1474 1412 me
1497 1363 1570 1411 le-

505 1436 661 1501 gisse.
697 1436 864 1487 (ἔναυ.
932 1438 1054 1488 Nou
1094 1438 1247 1489 valde
1281 1440 1445 1504 probo
1472 1440 1570 1489 hoc

505 1526 667 1575 genus
712 1513 955 1579 loquendi
1009 1514 1181 1565 Fieri:
1254 1529 1353 1565 uec
1394 1523 1570 1565 tamen

504 1588 788 1654 quidquam
822 1590 1121 1641 mutandum
1160 1597 1310 1655 puto.
1362 1592 1574 1656 Sequens

502 1664 624 1715 altio
643 1671 745 1727 est,
767 1665 969 1731 opinor,
990 1667 1123 1716 uitio
1145 1668 1433 1732 sequentis,
1460 1668 1587 1717 sive'

504 1740 722 1791 secundi
744 1743 979 1791 sceleris.
1020 1741 1107 1793 Sic
1126 1744 1294 1807 prima
1316 1744 1447 1793 uitio
1472 1742 1572 1792 fuit

502 1816 753 1867 mandata
775 1816 1079 1881 Calpurnio,
1112 1832 1336 1883 sequens
1360 1817 1570 1869 Albino.

504 1894 677 1945 Etiam
703 1896 1005 1959 precedens
1028 1910 1130 1945 vox
1164 1896 1180 1923 ‘
1198 1895 1397 1945 aitera’
1430 1896 1574 1946 vide-

504 1976 593 2021 tur
614 1968 922 2021 confirmare
944 1970 1225 2021 lectionem
1248 1977 1524 2035 receptam.

572 2046 635 2095 Ia
652 2046 859 2108 pretium
877 2045 1063 2108 solutis,
1080 2047 1202 2108 qaod
1216 2047 1354 2109 prius
1372 2044 1574 2109 emerat]

506 2122 677 2173 Nemo
716 2121 871 2173 facile
900 2122 1114 2185 dlxerit,
1149 2122 1275 2187 quid
1313 2122 1380 2172 sit
1422 2137 1574 2172 emere

502 2198 711 2263 pretium
746 2198 946 2247 saluis.-
984 2198 1159 2261 itaque
1192 2198 1377 2259 legam,
1409 2198 1574 2247 addito

503 2275 637 2337 eun-pi
664 2273 846 2333 fudere
880 2273 935 2322 ia
974 2273 1181 2336 pretium
1215 2274 1402 2336 salutis,
1437 2288 1574 2338 quem

500 2351 635 2414 prius
654 2356 849 2412 emerat,
872 2349 1133 2400 exereitum
1152 2351 1357 2400 diuisit.
1420 2351 1572 2400 Eme-

504 2432 591 2476 rat
612 2426 902 2476 exercitum
927 2423 1101 2474 Albini
1123 2424 1157 2474 J
1164 2425 1403 2488 ugurtha,
1419 2441 1573 2490 quem

502 2506 813 2564 corruperat
844 2499 1087 2564 pecunia,
1108 2506 1166 2549 ut
1188 2499 1333 2549 facili
1359 2501 1576 2550 victoria

504 2576 777 2640 potiretur.
856 2575 991 2626 Haec
1028 2577 1187 2627 lectio
1233 2584 1316 2627 est
1362 2577 1574 2626 alterius

504 2654 737 2708 Palatini
756 2655 906 2706 bonae
930 2663 1087 2706 ηοω.
1130 2657 1262 2705 Naz.
1282 2662 1458 2706 autem
1487 2656 1573 2704 ha-

502 2731 618 2796 bet,
662 2735 783 2798 qaod
818 2733 963 2798 prius
1006 2739 1213 2783 meret.-
1279 2734 1376 2782 boc
1413 2733 1574 2782 etiam

505 2808 829 2872 explicemus
865 2809 1007 2859 iicet.
1073 2809 1281 2860 Primus
1314 2809 1574 2872 jugurtha

503 2885 724 2934 salutem
748 2899 893 2936 suam
925 2885 1097 2949 pretio
1124 2885 1439 2949 redemerat,
1461 2900 1573 2935 cor·

500 2969 660 3028 rupto
702 2963 881 3014 Albini
924 2963 1164 3014 exercitu
1186 2983 1201 3025 ;
1257 2979 1321 3013 ue
1366 2963 1574 3012 scilicet

499 3033 801 3090 vinceretur
823 3054 856 3087 a
882 3039 1127 3088 Romanis
1151 3056 1164 3088 ε
1200 3044 1323 3102 post
1360 3040 1438 3088 iiii
1471 3039 1574 3102 ipsi

500 3113 741 3177 Romani,
770 3129 887 3164 cum
922 3113 1261 3164 voluntariam
1292 3113 1467 3178 fugam
1501 3113 1574 3164 fe-

502 3189 718 3252 cissent,
740 3189 883 3251 turpi
920 3187 1119 3237 foedere
1158 3189 1210 3236 in
1245 3191 1470 3252 pretium
1494 3205 1575 3239 sa·

501 3263 628 3314 lutis
652 3263 870 3326 sancito,
888 3263 963 3314 aJ
969 3265 1191 3326 ugurtha
1208 3264 1403 3314 dimissi
1421 3273 1539 3315 sunt
1557 3284 1570 3316 ε

501 3345 559 3390 et
610 3340 688 3390 ita
739 3338 959 3389 salutem
1003 3340 1163 3389 etiam
1218 3341 1572 3406 redemerunt,

503 3413 643 3480 quod
677 3414 821 3479 prius
861 3412 1067 3464 fecerat
1104 3415 1398 3479 Jugurtha:
1450 3421 1575 3480 quod

498 3489 664 3556 igitur
686 3489 1017 3540 retinendum
1040 3505 1327 3543 censemus.
1360 3494 1576 3556 Primus,

501 3581 567 3616 au
600 3563 779 3632 prius?
812 3566 967 3616 Prius
1002 3567 1153 3618 malo.
1204 3568 1352 3618 Sulm.
1434 3569 1574 3624 Quod

497 3643 637 3705 prius
657 3641 857 3705 emerat]
880 3643 965 3691 Ita
992 3658 1038 3692 v.
1063 3657 1111 3693 e.
1138 3649 1191 3692 et
1214 3644 1423 3694 vineti:
1448 3645 1572 3694 mihi

503 3717 712 3780 quidem
733 3733 851 3767 cum
874 3719 1139 3782 Salmasio‚
1160 3721 1322 3783 magis
1342 3722 1575 3784 placeret

504 3789 622 3840 Pal.
643 3795 693 3839 2.
714 3793 890 3852 lectio,
912 3808 1045 3855 quem
1082 3795 1217 3856 priua
1237 3801 1432 3844 emerat.
1490 3795 1574 3844 Ita

503 3864 623 3915 vai.
661 3865 740 3915 Μ.
780 3871 831 3928 9,
853 3871 903 3928 6,
924 3871 975 3916 4.
1019 3871 1034 3896 ⁴
1056 3869 1243 3919 Emere
1270 3871 1572 3920 victoriam?

502 3939 628 3990 Tac.
654 3945 736 4003 11,
758 3945 841 4002 14,
862 3945 911 3990 2.
934 3945 948 3969 ‘
978 3943 1152 3991 Missis
1176 3947 1571 4008 corruptoribus

503 4017 679 4066 hostes
702 4015 769 4066 ad
792 4017 1081 4066 exuendam
1103 4018 1257 4068 fidem
1282 4024 1574 4075 emercari.'

507 4091 661 4144 Adde
682 4093 805 4141 Tac.
830 4095 912 4152 12,
934 4095 1019 4154 45,
1037 4095 1087 4141 6.
1124 4093 1348 4143 Freinsk.
1418 4097 1573 4152 Quem

502 4168 640 4232 prius
660 4167 859 4232 emerat]
885 4169 1005 4218 Hoc
1027 4175 1128 4233 est,
1149 4172 1438 4222 exercitum
1459 4188 1571 4224 cor·

507 4251 737 4306 ruperat.
776 4245 974 4310 Recepi
998 4245 1127 4298 hanc
1146 4246 1427 4299 lectionem
1449 4263 1570 4302 cum

1206 382 1421 435 1401·AE
1475 382 1877 437 VARIORUM
1927 388 2008 439 m

1654 526 1805 579 Anna
1841 529 2161 594 doctissima,
2195 544 2261 581 ex
2297 532 2417 583 Pal.
2439 534 2491 583 2.
2545 532 2720 607 Vulgo

1651 607 1813 656 maie:
1848 607 2168 670 quodprimsu
2183 604 2380 657 emera(-
2415 596 2598 659 (ἴτων.
2645 598 2716 660 U·

1651 686 1837 745 terque
1862 680 1991 745 Reg.
2024 678 2157 733 Edd.
2181 689 2312 735 vett.
2344 690 2466 749 quai
2501 684 2714 751 primam

1647 757 1886 820 proxime
1942 766 2176 822 sequutae
2231 766 2376 823 suut,
2415 774 2480 809 ac
2528 759 2714 811 deinde

1650 832 1907 883 Camertis
1940 838 1998 883 et
2035 832 2222 897 Stadii,
2253 848 2391 899 queas
2422 837 2550 898 quod
2579 837 2716 899 prius

1646 913 1845 970 emat,
1868 908 2008 973 quod
2041 916 2171 973 puto
2205 910 2480 973 pertinere
2513 912 2582 962 ad
2614 927 2714 961 mo·

1647 996 1757 1033 rem
1781 985 2065 1034 scribarum
2087 986 2218 1036 duas
2251 986 2514 1037 variantes
2541 989 2714 1039 lectio·

1648 1073 1742 1109 nes
1779 1060 2156 1124 conjungendi:
2188 1060 2256 1111 de
2290 1075 2395 1127 quo
2428 1077 2590 1127 supra
2626 1064 2712 1113 ali-

1649 1136 1854 1200 quoties
1876 1136 2130 1186 monitum
2151 1142 2268 1186 eat:
2303 1136 2476 1186 ceteri
2509 1138 2626 1187 libri
2657 1142 2714 1187 et

1649 1224 1696 1261 v.
1721 1225 1770 1260 e.
1803 1213 1926 1275 qaod
1951 1210 2091 1275 prius
2109 1215 2307 1261 merd-
2361 1210 2634 1261 Salmasius
2655 1212 2710 1263 iu

1646 1287 1932 1351 exemplari
1962 1300 2056 1335 suo
2081 1286 2384 1350 scripserat,
2418 1300 2479 1337 se
2509 1302 2611 1335 nou
2639 1288 2712 1336 vi-

1647 1360 1776 1411 dere
1817 1376 1920 1427 quo
1965 1359 2154 1411 referri
2197 1361 2361 1425 possit
2405 1362 2542 1413 illud
2587 1364 2716 1427 quel,

1650 1450 1804 1501 quam
1841 1436 1908 1486 ad
1947 1438 1966 1465 ‘
1983 1438 2206 1501 pretium
2225 1437 2260 1487 τ’
2289 1437 2375 1487 hic
2405 1437 2570 1487 aliter
2599 1437 2714 1488 iliud

1607 1550 1616 1560 .
1648 1513 2058 1577 iuterpretatur3
2091 1512 2295 1575 sedita,
2319 1517 2380 1563 ut
2401 1526 2508 1562 uon
2533 1513 2714 1577 possim

1648 1590 1874 1653 probare
1905 1589 2042 1638 iliius
2080 1589 2394 1639 seutentiam
2413 1604 2430 1637 ε
2466 1602 2594 1638 nam
2623 1604 2714 1639 neu

1649 1665 1905 1729 intelligo,
1944 1664 2204 1731 quomodo
2233 1664 2416 1728 verba,
2437 1666 2564 1727 qued
2593 1666 2716 1728 prin

1649 1746 1843 1803 emeat,
1864 1741 2068 1804 possint
2104 1740 2316 1806 exponi,
2350 1740 2494 1805 quod
2527 1739 2715 1803 Jugur·

1649 1816 1741 1865 tha
1763 1818 1906 1879 prius
1929 1814 2131 1866 fecerat
2151 1831 2165 1877 ;
2192 1830 2344 1881 quem
2365 1822 2481 1865 tum
2499 1817 2716 1866 salutem

1651 1892 1928 1941 redemisse
1967 1897 2215 1955 corrupto
2249 1891 2492 1941 exercitu
2537 1892 2716 1941 Roma·

1649 1982 1736 2033 uo,
1775 1970 1860 2019 cui
1899 1968 2068 2019 frater
2101 1968 2281 2019 Albini
2318 1968 2444 2018 Cos.
2479 1970 2716 2034 preerat,

1650 2059 1754 2095 nou
1789 2052 2013 2096 constat.
2077 2043 2314 2095 Dederat
2337 2046 2428 2095 ille
2461 2052 2577 2095 tum
2597 2046 2716 2095 mul·

1651 2120 1720 2171 tis
1759 2136 1824 2171 ex
1861 2120 2098 2171 exercitu
2135 2122 2286 2171 Rom.
2311 2122 2587 2184 pecunias,
2609 2134 2716 2185 par·

1652 2196 1764 2259 tim,
1779 2204 1836 2245 ut
1851 2193 2253 2261 transfugerent,
2269 2196 2484 2259 partim,
2497 2203 2563 2246 ut
2579 2197 2718 2261 signo

1651 2272 1776 2321 dato
1819 2272 1991 2322 locum
2036 2271 2358 2335 desererent,
2395 2286 2504 2321 nou
2545 2272 2715 2321 salutis

1653 2345 1719 2397 ab
1743 2346 1806 2398 iis
1839 2345 2157 2397 redimendae
2178 2362 2369 2398 causa:
2406 2348 2552 2414 quod
2575 2350 2618 2398 si
2639 2348 2714 2398 vel

1652 2424 1874 2472 maxime
1917 2421 2146 2486 fecisset,
2184 2431 2360 2473 tamen
2397 2425 2584 2488 verba,
2603 2425 2716 2490 qaod

1646 2500 1786 2564 prius
1805 2506 2002 2562 emerat,
2039 2512 2142 2550 uon
2179 2500 2528 2550 admitterent
2567 2503 2718 2551 inter·

1652 2576 2004 2639 pretationem
2027 2574 2282 2638 salmasii,
2298 2575 2441 2640 quod
2463 2577 2716 2641 Jugnrtha

1651 2651 1792 2714 prius
1815 2649 2032 2702 fecerat.
2081 2653 2220 2708 Quod
2240 2650 2435 2702 referri
2459 2659 2638 2718 potest
2655 2651 2716 2702 ad

1651 2726 1668 2755 ‘
1693 2725 1932 2784 foedere,'
1963 2726 2063 2777 boc
2087 2742 2274 2777 sensu:
2310 2729 2489 2780 Quum
2521 2730 2714 2794 potitus

1651 2799 1837 2852 fuisset
1880 2802 2064 2851 castris
2107 2801 2482 2867 Romanorum,
2525 2805 2715 2854 exerci-

1652 2885 1761 2929 tum
1783 2893 1959 2929 eornm
1985 2879 2195 2942 quidem
2231 2879 2454 2944 dimisit,
2491 2881 2590 2930 aed
2621 2895 2714 2931 nou

1651 2954 1752 3004 nisi
1773 2955 1954 3005 addito
1993 2956 2138 3019 turpi
2175 2953 2377 3005 foedere
2408 2955 2468 3005 iu
2501 2957 2716 3020 pretium

1651 3031 1854 3093 salutis,
1873 3029 2009 3095 quod
2029 3029 2198 3079 foedus
2219 3036 2397 3081 tamen
2417 3033 2569 3095 prius
2591 3046 2714 3081 eme·

1652 3113 1756 3173 rat,
1780 3107 1954 3157 multis
1985 3107 2038 3156 in
2072 3106 2311 3156 exercitu
2343 3107 2584 3158 Romano
2613 3123 2715 3158 cor·

1653 3185 1840 3248 ruptis,
1861 3183 1969 3248 qui,
1989 3181 2126 3248 quod
2159 3181 2410 3246 pecunias
2443 3185 2514 3234 ab
2547 3200 2606 3234 eo
2636 3199 2712 3233 ac·

1651 3268 1920 3325 ceperant,
1937 3265 2124 3324 sponte
2142 3262 2320 3321 turpes
2337 3257 2459 3308 ilias
2477 3259 2714 3312 conditio-

1652 3351 1743 3386 nes
1768 3340 2099 3399 acceperunt.
2129 3335 2477 3406 Tamenvcnm
2497 3335 2715 3386 Freinsh-

1651 3419 1709 3462 et
1731 3412 1943 3462 Groevio
1975 3407 2205 3474 praefero
2237 3423 2394 3474 quem,
2415 3410 2470 3458 iu
2491 3425 2596 3475 quo
2615 3411 2714 3460 hac

1653 3487 1918 3539 sententia
1937 3493 2055 3536 est:
2094 3485 2209 3535 Rex
2242 3487 2432 3536 castris
2465 3489 2618 3538 Rom.
2635 3502 2714 3553 po·

1651 3563 1779 3612 titus
1823 3563 1886 3611 iis
1929 3568 2084 3627 turpe
2115 3559 2282 3611 fredus
2314 3563 2594 3626 imposuit,
2623 3579 2712 3629 qao

1653 3641 1875 3690 salntem
1899 3639 2236 3701 redimerent,
2258 3645 2420 3704 atque
2437 3640 2518 3688 ita
2535 3639 2714 3689 dimisit

1651 3717 1960 3779 exercitum,
1987 3731 2141 3780 quem
2181 3715 2328 3779 prius
2365 3723 2594 3782 emerat,
2613 3729 2714 3766 eor-

1653 3795 1824 3857 ruptis
1842 3790 2256 3852 centurionibus,
2273 3790 2600 3857 ducibusque
2615 3799 2712 3842 tur·

1651 3884 1869 3931 marum,
1892 3874 1948 3917 et
1986 3867 2116 3916 aliis.
2171 3866 2299 3916 Sall.
2331 3865 2460 3930 Jug.
2481 3880 2714 3918 xxxvnr.

1650 3947 1753 3996 Sed
1779 3947 1888 3998 sive
1910 3957 2044 4007 quem
2065 3943 2226 4006 legas,
2250 3941 2364 3991 sive
2386 3943 2529 4005 qaod,
2551 3949 2714 3992 tamea

1653 4033 1916 4088 praeterea
1937 4035 2123 4084 aspera
2145 4024 2202 4069 et
2223 4019 2414 4069 scabra
2435 4026 2520 4069 est
2539 4020 2714 4080 oratio,

1652 4107 1705 4149 et
1731 4097 1995 4164 periodus,
2017 4109 2134 4161 qum
2155 4095 2430 4144 inchoatur
2453 4095 2522 4144 ab
2543 4095 2712 4156 addito,

1651 4190 1752 4226 nou
1787 4172 1986 4238 optime
2023 4171 2256 4222 cohaeret
2281 4183 2402 4220 cum
2435 4169 2706 4234 superiore.

1646 4249 1952 4304 Perizonius
1997 4246 2379 4298 adnotaverat:
2427 4244 2526 4296 alii
2557 4241 2708 4296 codd.
