2910 4693
1000 324 1067 371 ι..
1094 320 1371 371 nuum
1421 320 1668 369 suom.
2259 306 2434 373 1125

298 507 391 519 —
410 473 691 533 Eboraci.
722 482 779 534 8.
810 492 944 535 cum
971 474 1236 535 versione
1268 472 1517 551 Anglics
1543 474 1638 533 Jo.
1669 472 1906 533 Clarke.
1987 471 2258 535 Titulum
2308 472 2428 533 vid.

214 570 379 631 infra
408 572 563 631 inter
590 570 895 632 versiones
921 570 1199 648 Augiicss
1227 572 1283 630 11.
1308 592 1361 631 ει.

312 676 477 737 1730
520 669 591 727 L.
631 667 841 727 Aunoei
888 666 1041 727 Flori
1066 668 1337 746 Epitome
1366 686 1555 727 rerum
1585 666 2006 726 Romanarum.
2088 664 2430 743 Recensnit,

214 764 755 824 observationibus
805 764 1135 836 illustravit,
1180 774 1241 823 et
1292 764 1597 824 Indicibus
1643 763 1806 823 suxit
1855 764 2030 824 Lsur.
2060 758 2429 823 Reinhardus

184 862 479 940 .(Gymn.
525 861 721 920 Vinar.
764 862 1127 935 Corrector.)
1180 860 1423 921 Erfurti.
1459 870 1518 922 8.
1541 858 1942 920 -lndicibus
1992 857 2292 945 premisse.
2337 864 2432 916 est

216 958 315 1016 W.
346 961 423 1016 A.
461 956 743 1016 Schroenii
784 958 971 1035 Epist.
1012 958 1087 1017 ud
1134 956 1539 1018 Raeinhsrdum
1567 955 1640 1016 de
1669 956 1836 1015 variis
1861 954 2120 1054 consiliis
2141 950 2434 1014 recentio-

216 1074 353 1113 rum
380 1053 621 1113 levsudi
643 1053 874 1113 labores
892 1055 1289 1115 scholasticos.

306 1160 475 1221 1732
518 1150 767 1210 Giessae.
800 1160 858 1212 8.
887 1170 1039 1210 cum
1056 1152 1210 1211 notis
1238 1154 1443 1212 Germ.
1475 1150 1720 1210 Sinceri.

307 1254 479 1315 1734
520 1246 767 1306 Patavii.
801 1257 859 1307 8.
888 1268 959 1307 ex
992 1250 1313 1313 museolo.
1342 1250 1420 1307 ls.
1443 1247 1718 1308 Pontsni.

298 1378 385 1387 —-
420 1342 661 1420 Lipsiae.
698 1352 788 1405 12.
818 1363 954 1403 cum
976 1330 1133 1403 'notis
1156 1342 1437 1404 Junckeri
1463 1342 1542 1402 ad
1573 1344 1814 1402 modum
1847 1338 2116 1401 Miuellii.

308 1448 475 1508 1735
519 1442 585 1499 L.
612 1441 819 1521 Annmi
856 1441 1013 1499 Flori
1041 1442 1313 1519 Epitome
1338 1458 1532 1499 rerum
1562 1442 1980 1507 Romanarum,
2009 1446 2068 1495 et
2093 1436 2157 1495 L.
2179 1433 2434 1512 Ampelii

213 1536 371 1597 liber
422 1536 807 1608 memoriam,
852 1556 925 1596 ex
953 1536 1313 1598 bibliotheca
1342 1536 1435 1596 cl.
1465 1534 1749 1595 Salmasii.
1791 1530 2066 1604 Londini‚
2091 1529 2252 1609 apud
2279 1529 2426 1592 Gul.

222 1630 503 1712 Bowyer.
539 1643 635 1695 12.

306 1728 473 1799 1736
516 1729 965 1789 Amstelodami.
996 1738 1096 1793 24.
1126 1750 1262 1790 cum
1292 1731 1447 1791 notis
1473 1729 1744 1800 Pontani,
1771 1736 1832 1787 et
1854 1744 2004 1786 varr.
2033 1724 2198 1784 lectt.

304 1833 469 1895 1739
518 1826 785 1886 Londini.
829 1833 886 1885 8.
936 1845 1073 1884 curn
1102 1827 1369 1887 versione
1398 1827 1648 1904 Anglicn
1675 1826 1772 1885 Jo.
1801 1820 2428 1900 Clarke.-—R.epetitio

218 1919 315 1979 ed.
348 1922 753 1981 Eboracensis
780 1941 877 1981 an.
912 1931 1085 1991 1727.

307 2026 462 2087 1741
516 2016 763 2076 Giessae.
789 2025 845 2078 8.
865 2036 999 2077 eum
1028 2018 1183 2077 notis
1211 2021 1417 2079 Germ.
1447 2019 1690 2081 Sinceri.

310 2122 467 2182 1743
516 2112 957 2191 Heidelbergae.
987 2114 1113 2173 Fol.
1158 2115 1436 2184 in‚Henr.
1465 2119 1602 2176 Car.
1633 2115 1710 2175 dc
1731 2113 2120 2191 Klettenberg
2148 2117 2208 2170 et
2238 2110 2426 2167 Bcnu.

110 2194 119 2205 ’
224 2211 405 2288 Casp.
439 2210 704 2270 Haurisii
727 2210 1131 2288 scriptoribus
1160 2210 1317 2270 Hist.
1352 2213 1508 2289 Aug.
1533 2213 1705 2271 Rom.
1730 2211 1925 2271 Tomo
1948 2224 2028 2268 11.

310 2314 469 2377 1744
517 2307 855 2368 Dukeriana
898 2323 978 2368 11.
1008 2306 1241 2369 auctior
1267 2317 1331 2368 et
1353 2309 1743 2370 emendatior.
1802 2303 2082 2386 Lugduni
2107 2302 2239 2364 But.
2266 2298 2428 2380 apud

226 2404 385 2463 Sam.
416 2403 808 2465 Luchtmuns.
840 2415 898 2466 8.
930 2414 967 2465 2
994 2403 1131 2465 voll.
2323 2431 2329 2439 ·

312 2497 473 2570 1746
516 2500 786 2562 Londini.
834 2510 892 2561 8.
946 2521 1085 2562 011111
1132 2503 1391 2562 versione
1431 2502 1678 2580 Anglics
1718 2493 2429 2562 Jo.01arke.-Vid.an.

234 2605 407 2666 1727.
434 2607 500 2657 et
540 2604 712 2668 1739.
772 2597 992 2658 Eadem
1015 2615 1241 2658 recusa.

308 2701 467 2761 1749
512 2692 789 2752 Londiui.
821 2701 877 2754 8.
1008 2769 1011 2774 Ι

314 2795 469 2859 1750
513 2791 583 2848 L.
614 2789 825 2848 Annaei
869 2789 1018 2849 Flori
1055 2790 1328 2870 Epitome
1355 2810 1548 2851 rerum
1579 2791 1994 2850 Romanarum.
2064 2783 2314 2846 Accedit
2354 2785 2424 2843 L.

228 2885 483 2962 Ampelii
508 2883 659 2942 liber
688 2884 1055 2944 memorialis.
1116 2887 1373 2947 Curantc
1414 2888 1470 2948 J.
1500 2887 1565 2950 P.
1602 2885 1855 2946 Millero.
1900 2882 2174 2955 Berolini,
2219 2880 2426 2941 sumti-

232 2979 441 3040 busA.
468 2979 686 3039 Haude
712 2989 771 3048 et
799 2980 856 3038 J.
884 2982 957 3040 C.
988 2983 1237 3060 Spener.
1264 2991 1323 3044 8.

310 3076 468 3146 1760
499 3078 568 3136 L.
602 3077 813 3136 Annaei
841 3077 999 3136 Flori
1031 3079 1301 3156 Epitome
1342 3098 1534 3146 rerum
1565 3081 1740 3140 Rom.
1769 3099 1844 3139 ex
1870 3097 1990 3139 rec.
2019 3074 2260 3144 Graevii,
2293 3089 2428 3132 cum

228 3174 835 3234 animadversionibus
861 3174 1151 3252 ejusdem.
1213 3176 1487 3237 Accessit
1512 3185 1724 3255 praeter
1753 3175 2108 3264 Ampelium,
2137 3169 2432 3232 libellum—

234 3286 343 3344 que
371 3289 521 3330 varr.
554 3259 721 3344 lectt.
746 3270 1014 3349 praefatio
1038 3273 1134 3332 Jo.
1156 3272 1309 3331 Frid.
1337 3272 1618 3334 Fischeri.
1649 3273 1889 3352 Lipsioe,
1909 3270 2070 3351 apud
2097 3268 2348 3329 Fritsch.
2371 3275 2430 3328 8.

316 3365 469 3433 1762
500 3367 691 3439 Halae,
720 3368 1009 3428 sumtibus
1033 3368 1576 3448 orphanotrophei.
1613 3380 1709 3430 12.

313 3461 467 3528 1765
498 3464 770 3525 Londini.
808 3466 1283 3545 12.-1100011110
1306 3465 1580 3528 editionis
1597 3465 1786 3527 Mich.
1807 3463 2104 3524 Maittsire
2123 3481 2220 3522 an.
2259 3467 2432 3530 1715.

316 3555 471 3625 1768
504 3559 752 3630 Giessae,
782 3561 941 3639 apud
972 3561 1237 3640 Krieger.
1272 3571 1328 3624 8.
1356 3583 1492 3623 cum
1521 3562 1673 3622 notis
1702 3563 1906 3646 Germ.
1931 3559 2175 3620 Sinceri.

319 3662 471 3724 1773
506 3657 572 3716 L.
603 3659 861 3717 Anuaeus
890 3658 1115 3729 Florus,
1161 3679 1297 3720 cum
1346 3660 1419 3720 C.
1447 3659 1660 3736 Crispo
1703 3657 2002 3746 Sullustio.
2069 3653 2436 3733 Birminghag

238 3746 383 3820 mioe,
418 3753 571 3831 typis
598 3756 693 3815 Jo.
717 3754 1093 3814 Baskcrville.
1123 3764 1185 3814 4.

322 3853 475 3915 1774
502 3848 654 3909 End.
682 3848 778 3908 ed.
806 3848 951 3908 ibid.
982 3851 1141 3929 typis
1169 3849 1546 3910 Baskerville.
1577 3859 1673 3912 12.
1759 3857 1766 3864 ’

320 3943 474 4010 1776
502 3945 569 4004 L.
602 3947 811 4006 Annaei
854 3946 1006 4006 Flori
1052 3945 1322 4024 Epitome
1349 3964 1540 4006 rerum
1569 3947 1967 4008 Romanarum
1993 3946 2130 4006 libri
2167 3962 2260 4005 ιν.
2289 3947 2434 4021 (Cu-

242 4045 401 4096 rsnte
424 4041 483 4099 J.
514 4042 593 4102 N.
620 4042 1005 4115 Lallemand.)
1032 4043 1277 4113 Parisiis,
1300 4042 1460 4123 apud
1489 4043 1587 4105 Jo.
1606 4043 1866 4126 Bai-hou.
1891 4053 1986 4106 12.
2007 4042 2214 4104 Nitida
2227 4041 2432 4102 editio.

318 4165 394 4178 —-
424 4137 655 4210 Florus,
678 4159 815 4200 cum
842 4139 1139 4202 Sallustio.
1184 4139 1674 4218 Birmiughamiae‚
1706 4139 1861 4218 typis
1883 4137 2256 4200 Baskerville.
2290 4146 2388 4199 12.
