2910 4693
443 348 576 416 614

446 506 596 559 mius.
627 506 643 535 ‘
668 500 849 557 Florus
870 502 1207 569 calpurnium
1228 502 1512 553 Flammam
1585 498 1716 560 aas.

446 584 532 633 bic
556 596 657 632 non
690 589 893 633 tantum
924 580 1168 631 Leonidae
1209 584 1510 643 comparatg

448 658 541 709 sed
566 664 623 708 et
643 656 937 722 Othryadis
977 656 1069 718 illi,
1094 653 1233 721 quod
1254 657 1514 717 occupato

448 734 583 783 colle
604 734 805 783 bostem
828 732 1161 792 sustinuerit3
1198 745 1317 780 nam
1338 729 1434 779 boc
1458 735 1516 780 et

448 810 711 861 Leonidas
737 807 971 859 fecerat:
1006 808 1147 872 huic,
1183 807 1320 873 quod
1355 819 1516 871 expe·

451 885 637 935 ditioni
670 884 979 949 supervixit,
1012 898 1113 933 non
1146 884 1313 934 minus
1342 897 1405 933 stc
1442 882 1518 931 O·

450 962 719 1026 thryades.
786 960 863 1010 Ut
897 966 1069 1010 autem
1098 974 1202 1009 non
1233 958 1516 1009 similitudo

450 1046 649 1090 tantum
692 1052 808 1089 cum
862 1038 1095 1087 Leonida
1136 1044 1193 1088 et
1236 1035 1514 1101 Othrysde

450 1120 679 1181 pateret,
695 1114 860 1177 addit,
877 1114 1213 1178 Calpurnium
1234 1112 1516 1163 Flammam

450 1190 687 1242 Leonida
734 1192 899 1241 multo
952 1190 1283 1241 illustriorem
1342 1188 1520 1252 fuisse,

451 1266 587 1332 quod
612 1265 979 1331 supervixerit,
1010 1266 1213 1316 scilicet
1236 1272 1297 1315 ut
1326 1264 1521 1329 Othry-

454 1342 611 1391 ades:
678 1341 746 1391 sb
786 1340 1060 1405 Othryade
1102 1347 1277 1391 autem
1316 1354 1379 1391 eo
1414 1340 1519 1390 dis·

451 1424 589 1478 tare,
610 1417 749 1481 quod
772 1416 898 1465 nihil
920 1418 1195 1480 scripserit
1230 1417 1500 1481 sangnine.
1501 1414 1518 1439 ⁹

452 1493 577 1543 Non
600 1500 679 1543 est
702 1506 878 1556 operm
912 1493 1137 1556 pretium
1174 1492 1251 1541 bis
1282 1491 1521 1542 refellen-

453 1568 535 1618 dis
578 1568 665 1618 diu
702 1568 983 1626 immorari,
1020 1582 1138 1632 qnoe
1172 1568 1302 1617 adeo
1339 1568 1523 1631 inepta

452 1651 594 1707 sunt,
607 1651 666 1694 ut
682 1644 769 1694 vel
790 1644 1041 1694 recitasse
1064 1658 1147 1708 ea,
1166 1645 1235 1694 sit
1250 1642 1522 1693 refutasse.

455 1720 755 1786 Numquam
788 1720 893 1770 suis
926 1720 1146 1784 argutiis
1179 1718 1419 1771 effecerit
1438 1720 1524 1769 hic

454 1796 625 1858 bomo,
664 1802 725 1846 ut
768 1796 1061 1861 quisquam,
1104 1796 1190 1847 cui
1228 1810 1406 1846 sanum
1440 1803 1526 1846 est

454 1872 721 1937 synciput,
742 1872 929 1923 credat
959 1871 1120 1924 verba
1152 1873 1312 1935 Flori,
1346 1872 1363 1901 ‘
1386 1870 1524 1938 quod

456 1946 740 2012 superfuit,
760 1962 821 1997 ac
845 1949 1170 2013 supervixit,'
1202 1947 1269 1998 de
1301 1948 1528 2011 Othrya·

460 2024 530 2073 de
552 2022 859 2089 accipienda
902 2038 1038 2089 esse,
1058 2024 1124 2073 de
1144 2038 1249 2089 quo
1281 2024 1335 2073 in
1373 2038 1526 2089 supe-

455 2098 679 2149 rioribus
703 2098 845 2148 nulla
866 2106 981 2150 erat
1012 2099 1156 2149 facta
1186 2100 1401 2151 mentio.
1467 2098 1524 2149 Si

458 2176 573 2240 quis
616 2189 754 2225 nnnc
796 2176 880 2225 vel
928 2176 1114 2225 Latino
1144 2177 1231 2225 vel
1270 2176 1371 2227 alio
1404 2190 1528 2241 quo·

424 2290 439 2303 .
458 2266 677 2316 cumque
713 2264 951 2302 sermone
978 2252 1205 2302 scribens
1238 2251 1313 2301 its
1348 2252 1528 2316 loqua-

458 2334 566 2392 tur,
588 2335 649 2381 ut
684 2328 895 2378 Florum
925 2328 1197 2394 loquutum
1218 2328 1333 2378 vult
1355 2328 1530 2392 Bege-

458 2419 564 2469 rus,
582 2420 687 2455 non
724 2405 938 2454 dubium
975 2411 1078 2467 est,
1113 2405 1239 2470 quin
1272 2418 1393 2455 eum
1430 2419 1528 2470 pro

458 2481 643 2543 stipite
682 2487 737 2529 et
776 2480 1073 2530 mortalium
1112 2481 1338 2530 omnium
1372 2481 1529 2530 insul·

458 2555 681 2619 sissimo,
704 2555 793 2621 qui
815 2569 913 2606 nec
946 2555 1067 2621 quid
1092 2555 1255 2620 dicat,
1280 2571 1379 2608 nec
1402 2557 1528 2623 quid

458 2629 739 2682 dicendum
757 2632 845 2694 sit,
868 2633 981 2695 ipse
1004 2633 1152 2695 sciat,
1172 2631 1399 2683 habituri
1422 2635 1532 2683 sint

459 2721 564 2758 non
598 2707 745 2758 docti
782 2707 956 2767 modo,
995 2707 1091 2758 sed
1129 2709 1287 2759 etiam
1328 2723 1529 2772 omnes,

460 2784 549 2848 qui
573 2785 659 2836 vel
680 2785 941 2836 communi
969 2799 1123 2834 sensu
1156 2786 1367 2850 praediti
1390 2792 1530 2836 sunt.

462 2859 721 2924 Equidem
755 2860 984 2910 nondum
1014 2860 1241 2911 sciebam
1268 2861 1532 2925 Begerum

463 2942 572 2987 tam
595 2937 857 3001 Lynceum
878 2935 1057 3001 fuisse,
1077 2944 1137 2987 ut
1158 2937 1297 2987 solus
1320 2953 1401 3000 es,
1414 2953 1532 3003 qum

464 3012 691 3062 omnium
714 3013 929 3063 aliorum
952 3015 1133 3064 oculos
1150 3011 1455 3078 effugerant,
1478 3018 1534 3063 et

461 3101 713 3152 nusquam
738 3095 910 3152 erant,
945 3095 1206 3153 umquam
1234 3091 1287 3139 in
1310 3089 1533 3138 clarissi-

461 3180 547 3216 ma
570 3168 689 3216 luce
710 3167 881 3230 posita
903 3166 1081 3217 videre
1113 3168 1363 3229 potnerit.
1424 3167 1534 3217 Sed

461 3243 505 3292 si
538 3241 592 3291 in
615 3242 849 3292 Nummis
872 3250 930 3294 et
949 3235 1298 3296 Marmoribus
1330 3246 1437 3297 suis
1459 3249 1535 3297 ita

464 3317 637 3368 omnia
660 3317 811 3380 vidit,
840 3325 901 3368 ut
936 3319 991 3368 in
1023 3319 1181 3370 Floro
1202 3321 1533 3387 Othryaden,

464 3406 670 3456 vereor,
710 3407 775 3443 ne
814 3394 974 3444 multa
1004 3395 1058 3444 in
1090 3396 1153 3445 iis
1187 3397 1393 3459 viderit,
1414 3413 1532 3464 qn·

464 3483 638 3534 neque
660 3469 753 3532 ibi,
788 3483 959 3536 neque
998 3486 1215 3537 usquam
1248 3474 1371 3525 alibi
1394 3483 1533 3526 sunt.

463 3547 583 3598 Nec
630 3553 775 3596 recte
817 3547 1044 3598 institnit
1086 3551 1534 3615 comparationem

462 3624 603 3674 inter
616 3624 950 3688 Calpurnium
969 3631 1027 3674 et
1043 3625 1363 3691 Othryadem
1398 3627 1534 3678 Nam

464 3700 777 3764 Calpurnius
818 3701 1116 3752 vulneribus
1160 3705 1359 3755 curatis
1414 3711 1535 3770 post

464 3775 555 3824 illa
606 3789 747 3838 saepe
802 3775 1049 3841 Reipubl.
1096 3778 1280 3829 utilem
1322 3793 1534 3845 operam

464 3855 745 3920 ptoestititt
793 3854 1099 3920 Othryades
1144 3867 1319 3909 autem
1356 3876 1534 3926 snper-

463 3930 601 3982 vixit
644 3930 732 3979 ille
776 3931 983 3994 quidem
1028 3947 1233 3997 pugnae,
1283 3937 1373 3986 sed
1412 3951 1532 3987 mox

462 4017 585 4076 post
627 4015 881 4073 erectum,
929 4017 985 4061 et
1023 4014 1277 4076 sanguine
1320 4029 1415 4065 suo
1454 4017 1536 4065 in-

466 4089 719 4152 scriptum
758 4093 1035 4151 tropaeum,
1058 4090 1139 4139 vel
1163 4105 1190 4138 e
1216 4091 1533 4156 vulneribus,

466 4163 553 4213 vel
588 4178 684 4213 sua
720 4177 873 4214 mauu
912 4164 1073 4216 obiit:
1124 4165 1230 4216 vid.
1267 4167 1469 4218 Herod.
1493 4183 1530 4220 ι.

468 4242 549 4289 ⁸2.
582 4239 729 4290 Stob.
748 4241 913 4293 Sena.
938 4255 1035 4296 vn.
1052 4248 1109 4298 et
1130 4243 1274 4296 Suid.
1298 4245 1351 4298 in
1372 4234 1532 4313 ’oopu-

1138 357 1352 411 No‘rAE
1400 354 1808 408 vamolwn
1863 356 1942 406 ΙΝ

1784 497 1940 551 Quod
1973 500 2148 547 autem
2184 494 2371 548 scribit
2401 494 2661 561 Begerra,

1589 577 1606 607 ⁸
1627 592 1684 627 se
1721 574 2080 638 emoriturum,
2126 574 2168 625 si
2202 573 2445 625 Gravius
2483 575 2660 625 locum

1589 652 1733 703 Flori
1770 649 2129 715 intellexerit,’
2151 651 2218 701 de
2239 666 2302 701 eo
2323 650 2452 700 nibil
2469 649 2666 714 habeo,

1591 728 1729 797 quod
1750 728 1951 789 dicam;
1983 728 2082 778 nisi
2103 742 2201 779 nec
2224 740 2333 778 rem
2355 726 2664 787 literarium,

1591 820 1690 855 nec
1743 803 1936 855 famam
1991 804 2184 868 Begeri
2227 804 2446 855 multum
2501 802 2666 853 detri-

1591 880 1756 932 menti
1780 888 2049 946 capturam
2083 878 2261 943 fuisse,
2280 879 2326 930 si
2348 889 2471 929 ante
2495 892 2664 928 emor·

1592 966 1711 1008 tuus
1732 956 1937 1022 fuisset,
1973 971 2124 1022 quam
2161 957 2211 1007 ei
2246 956 2298 1006 in
2321 963 2550 1007 mentem
2573 970 2662 1004 ve-

1592 1040 1762 1097 nerat,
1781 1035 1898 1084 brec
1920 1037 1977 1083 et
1998 1034 2100 1083 alia
2123 1031 2417 1097 hujusmodi
2441 1030 2508 1081 ad
2543 1030 2664 1080 Flo·

1593 1126 1708 1161 rum
1727 1109 1977 1161 scribere.
2042 1108 2250 1158 Florum
2271 1121 2376 1157 non
2399 1120 2551 1171 posse
2574 1104 2664 1155 ab·

1591 1189 1722 1239 solvi
1741 1188 1952 1250 erroris,
1975 1186 2018 1237 si
2037 1187 2153 1237 haec
2173 1187 2251 1236 ita
2271 1184 2505 1249 scripsit,
2531 1182 2666 1233 vidit

1595 1266 1753 1316 etiam
1775 1264 1870 1315 Vir
1894 1278 2150 1330 nunquam
2169 1264 2282 1313 sine
2303 1262 2458 1312 laude
2473 1272 2668 1311 memo·

1595 1341 1806 1405 raudus,
1831 1346 1885 1391 et
1910 1342 2116 1404 Begero
2137 1339 2300 1389 multo
2317 1336 2590 1400 oculatior,
2609 1334 2665 1387 J.

1597 1418 2036 1480 Fr.Gronor1us,
2077 1416 2166 1483 qni
2211 1417 2263 1465 in
2305 1412 2553 1465 Diatribe
2595 1412 2664 1463 ad

1594 1494 1820 1545 Statium
1844 1508 1890 1544 c.
1907 1505 2045 1544 xmr.
2079 1492 2216 1542 lianc
2249 1490 2670 1542 emendationem

1597 1570 1886 1641 proposuit,
1927 1570 2015 1618 hoc
2049 1568 2286 1619 illustrior
2323 1572 2503 1630 amer,
2543 1568 2670 1630 quod

1597 1644 1889 1708 expeditioni
1929 1648 2080 1693 tuntae
2114 1640 2368 1707 superfuit,
2398 1642 2513 1691 iicet
2553 1656 2672 1691 m·

1597 1720 1720 1770 nihil
1754 1720 2002 1784 scripserit
2035 1718 2280 1781 snguine.
2347 1718 2554 1781 Nempe
2589 1731 2672 1767 os·

1601 1796 1773 1846 tendit
1807 1795 2014 1845 scribere
2053 1808 2192 1857 saepe
2237 1793 2362 1857 poni
2399 1808 2518 1857 pro,
2559 1794 2673 1858 pin-

1600 1886 1742 1937 gere,
1779 1879 1839 1921 ut
1873 1869 2013 1935 apud
2047 1871 2185 1920 Stat.
2223 1883 2310 1919 ιιι.
2344 1870 2471 1919 Silv.
2505 1883 2547 1921 1.
2581 1874 2667 1919 95.

1599 1949 1616 1976 ‘
1637 1947 1848 2013 Scripto
1889 1946 2124 1997 viventes
2159 1945 2352 1995 lumine
2387 1946 2574 2008 ceras,’
2610 1952 2670 1995 et

1600 2022 1765 2073 'l’beb-
1808 2036 1887 2073 xi.
1911 2026 2026 2075 514.
2073 2020 2354 2087 ‘Arvaque
2384 2024 2668 2087 sanguineo

1602 2100 1787 2151 scribit
1838 2099 2110 2150 rutilantia
2159 2098 2342 2165 gyrot’
2414 2100 2668 2166 aliosque,

1601 2191 1816 2244 quorum
1854 2177 1972 2226 loca
2007 2175 2078 2226 ibi
2120 2175 2412 2227 laudantur.
2479 2176 2670 2242 Itaque

1603 2253 1888 2315 existimat,
1931 2252 1975 2303 si
2015 2253 2239 2317 legatur,
2289 2252 2402 2302 iicet
2455 2254 2674 2303 ιιοιιιιιΙιίὶ

1600 2328 1844 2396 scripserit
1863 2330 2112 2394 sanguine,
2133 2330 2211 2381 bis
2235 2329 2407 2380 verbis
2429 2329 2610 2382 idem
2597 2345 2672 2382 ιιι-

1603 2405 1789 2471 dicari,
1809 2404 1946 2472 quod
1986 2405 2119 2456 Cato
2153 2405 2284 2455 dicit
2306 2419 2391 2468 ap.
2413 2403 2557 2455 Geli.
2583 2419 2674 2458 ιιι.

1601 2487 1652 2532 7.
1684 2483 1701 2512 ‘
1721 2481 2053 2546 Calpurnium
2075 2481 2374 2531 vulneribus
2413 2479 2676 2546 defatiga-

1603 2565 1716 2610 tum
1739 2563 1895 2623 atque
1929 2557 2236 2623 spirantem,
2275 2555 2416 2622 quod
2435 2571 2674 2621 sanguen

1603 2633 1917 2696 defluxerat,
1966 2631 2266 2697 cognitum?
2347 2633 2366 2662 ⁸
2396 2633 2677 2684 Scribere'

1605 2710 1708 2760 dlci
1734 2724 1847 2775 pro,
1868 2709 2106 2774 pingere,
2129 2709 2287 2758 etiam
2312 2708 2561 2759 Bartbius
2585 2708 2677 2760 ob·

1603 2789 1833 2838 servavit
1855 2786 1920 2836 ad
1937 2787 2179 2836 Statium.
2229 2784 2335 2836 sed
2357 2791 2535 2836 tamen
2551 2787 2678 2836 mibi

1605 2880 1710 2916 non
1734 2865 1858 2915 satis
1879 2863 2062 2928 liquet,
2090 2876 2154 2911 sn
2181 2875 2248 2912 ex
2271 2877 2353 2926 eo,
2387 2862 2526 2928 quod
2557 2863 2678 2912 Sta-

1606 2939 1730 3002 tius,
1767 2938 1988 3000 Plinius,
2028 2937 2223 3002 aliique
2262 2935 2464 3000 dicunt,
2514 2938 2677 2986 ‘arva

1604 3011 2138 3080 sanguine.scribere,’
2159 3019 2216 3062 et
2253 3011 2535 3077 ‘imagines
2555 3013 2681 3063 scri-

1606 3091 1770 3155 bere,'
1812 3095 1959 3140 recte
1979 3087 2168 3138 confici
2191 3088 2374 3152 possit,
2407 3102 2547 3154 eum,
2585 3089 2676 3154 qui

1607 3166 1782 3218 multis
1816 3163 2116 3215 vulneribus
2157 3163 2387 3228 acceptis
2421 3167 2676 3229 sanguine

1608 3241 1851 3308 perfusus
1889 3247 1992 3303 est,
2027 3239 2208 3290 itidem
2233 3253 2386 3304 posse
2409 3239 2518 3291 dici
2549 3247 2568 3270 ‘
2591 3241 2684 3291 ali·

1607 3318 1735 3385 qnid
1757 3316 2004 3380 sanguine
2025 3315 2295 3366 scribere!
2346 3315 2682 3368 Jndicabunt

1610 3396 1890 3445 acutiores.
1961 3394 2070 3457 Ego
2096 3407 2260 3458 prope
2280 3405 2346 3442 eo
2369 3393 2587 3457 inclino,
2619 3401 2680 3445 nt

1610 3485 1728 3522 cum
1751 3467 2102 3520 Freinshemio
2139 3475 2337 3532 putem,
2369 3468 2486 3518 baec
2520 3469 2682 3519 verba

1610 3563 1642 3598 a
1657 3561 1982 3613 quocumque
1999 3545 2121 3606 alio,
2139 3557 2292 3608 quam
2311 3557 2343 3592 a
2359 3544 2521 3594 Floro
2535 3558 2678 3596 esset

1609 3639 1728 3675 nam
1767 3622 2076 3674 incredibile
2126 3621 2251 3671 mibi
2305 3621 2522 3671 videtur
2561 3637 2678 3672 eum

1609 3701 1841 3766 potuisse
1875 3699 2116 3764 ignorare
2147 3696 2546 3748 celeberrimam
2581 3698 2684 3748 bis·

1609 3778 1792 3828 toriam
1839 3772 2109 3836 Leonidoe,
2157 3787 2294 3838 quae,
2346 3786 2450 3822 non
2513 3774 2680 3824 minus

1609 3867 1763 3919 qnam
1798 3850 2110 3915 Othryadae,
2147 3849 2288 3899 inter
2307 3849 2583 3914 precipua
2603 3865 2681 3899 ar·

1610 3934 1858 3994 gumenta
1876 3927 2304 3979 Declamatorurn
2325 3933 2461 3990 erat,
2497 3932 2561 3976 ut
2582 3927 2682 3976 Lu·

1609 4008 1788 4058 cianus
1811 4011 1998 4056 auctor
2010 4003 2158 4053 estin
2175 4003 2392 4052 Rhetor.
2409 4001 2680 4069 Praecept.

1611 4099 1674 4136 ac
1713 4082 1990 4133 nescivisse
2041 4079 2322 4130 Leonidam
2365 4093 2542 4144 neque
2579 4088 2686 4131 tro-

1609 4175 1778 4226 paeum
1822 4159 2076 4223 posuisse,
2118 4169 2290 4220 neque
2327 4153 2384 4204 id
2428 4157 2680 4222 unguine

1610 4253 1704 4290 suo
1741 4233 2082 4300 inscripsisse.
2146 4231 2302 4286 Quod
2341 4237 2520 4284 sutem
2565 4233 2684 4284 Cal-
