2910 4693
935 355 1005 404 ι..
1053 353 1314 404 Anum
1370 355 1618 404 ηοιιι.
2208 339 2383 408 1129

158 506 468 568 Beuedetti
493 506 574 568 da
589 507 791 568 Trevi.
873 505 942 567 In
973 508 1184 578 Rota,
1211 525 1248 568 a
1274 525 1446 586 spese
1470 507 1535 568 (li
1558 505 1903 587 Gregoiioe
1930 507 2231 568 Giovauui
2256 510 2383 569 An-

153 603 366 664 dreoli.
449 605 521 666 ln
550 603 706 666 fine:
749 605 819 666 ln
848 605 1039 666 Roma
1065 623 1174 683 per
1201 605 1533 666 Franeesoo
1562 601 1817 664 Tizzoui
1852 601 2027 674 1672.
2060 612 2155 666 12.

181 741 204 782 ·.
252 699 404 772 1678
433 702 664 762 Rota.
699 711 794 763 η.
821 719 940 762 una
985 719 1128 760 cum
1177 700 1450 780 Ampelio
1490 709 1555 762 et
1596 702 1779 764 Sexto
1826 699 2005 772 Rufo,
2052 719 2161 780 per
2188 701 2381 762 Micia.

163 798 462 876 Angelum
491 798 856 860 Bai-bouum.

249 903 408 964 172⁴·
435 895 762 956 L’Historie
811 897 1080 956 Romane
1117 894 1182 954 di
1228 894 1300 958 Ι...
1331 894 1539 954 Giulio
1586 894 1785 964 Floro,
1816 892 2081 955 tradotte
2108 893 2187 954 da
2214 895 2385 955 Santi

160 989 346 1050 Conti
371 989 530 1051 della
556 993 764 1053 Roecs
791 991 1118 1054 Contrada.
1201 992 1336 1053 Con
1363 989 1683 1071 l’aggiuuta
1718 990 1817 1050 alli
1863 989 2107 1070 margini
2134 992 2228 1052 de’
2272 993 2381 1052 uu'·

160 1085 320 1242 :semri
333 1085 715 1243 ιίξοῖιοιοςίοἰ,
742 1088 936 1149 cavati
979 1087 1060 1150 da
1096 1086 1282 1149 Giov.
1310 1086 1545 1150 Studio.
1625 1089 1697 1149 lu
1725 1084 2005 1160 Veneria,
2032 1105 2237 1167 presso
2261 1087 2387 1148 Au·

394 1202 433 1242 o
455 1182 559 1243 eti.
594 1191 655 1245 8.

1049 1311 1517 1374 BELGICAE.

251 1448 411 1514 159³
442 1441 762 1522 Chmnyke
788 1461 904 1502 van
931 1441 1138 1502 Florus
1157 1461 1270 1502 van
1297 1441 1584 1502 Grieken.
1631 1441 1931 1502 Amsterd.
1955 1453 2018 1503 4.

247 1538 414 1601 1664
439 1540 774 1600 Rooinsebe
803 1537 1040 1599 historie
1065 1554 1178 1596 van
1203 1537 1274 1596 L.
1298 1537 1494 1598 Julius
1522 1537 1755 1608 Florus,
1786 1535 2133 1616 mitsgaders
2158 1536 2239 1598 de
2268 1539 2387 1600 tien

167 1632 506 1697 boekskens
529 1655 642 1697 van
669 1635 1014 1714 Eutropius,
1061 1633 1207 1694 alles
1249 1635 1310 1693 in
1355 1634 1434 1696 de
1480 1635 1941 1712 nedertuytscbe
1987 1636 2105 1696 tale
2146 1636 2391 1715 gebrsgt

167 1731 326 1794 door
352 1733 426 1794 A.
453 1733 532 1794 de
562 1731 818 1806 Deeker,
845 1752 922 1792 en
948 1732 1220 1793 oversieu
1245 1730 1386 1792 don·
1411 1732 1461 1791 1.
1480 1733 1569 1792 ·de
1602 1730 1856 1792 Decker.
1899 1733 2139 1794 t’Amst.
2175 1741 2267 1794 12.

1097 1928 1156 1986 D
1170 1929 1221 1986 A
1236 1926 1294 1986 N
1309 1926 1336 1984 Ῑ
1351 1926 1402 1987 C
1417 1928 1497 1987 Α.

263 2051 424 2124 1699
451 2053 704 2114 Hafuiae.
736 2061 794 2113 8.
823 2054 1146 2132 interprete
1178 2055 1434 2133 Mogens
1465 2045 1785 2134 Viuganrd.

1025 2245 1552 2307 POLONICA.

269 2374 430 2436 1646
451 2379 778 2437 Cneoviae.
810 2386 870 2438 4.
901 2388 1145 2438 auctore
1172 2378 1515 2457 Christoph.
1546 2380 1770 2458 Georg.
1800 2377 2282 2439 Falissowskiew.

183 2654 306 2719 No
317 2668 432 2719 ms
479 2654 550 2717 in
593 2658 978 2719 mscumu
1014 2652 1487 2731 Pinellianum,
1544 2651 2047 2731 Harloeianum,
2102 2654 2397 2719 Askeui-

183 2776 408 2834 anum,
453 2763 528 2819 et
547 2756 1074 2839 Speneerianum
1103 2754 1497 2837 catalogue,
1538 2756 1610 2819 in
1640 2757 1887 2839 quibus
1914 2758 2124 2821 variae
2152 2776 2401 2822 memo-

182 2866 420 2923 rantur
440 2857 777 2942 primariae
809 2856 996 2922 Flori
1028 2856 1385 2935 editioneS,
1429 2857 1963 2936 consulentibus,
1994 2857 2399 2941 quibusdam

185 2960 485 3043 publicis
529 2959 961 3025 bibliothecis
1001 2960 1204 3024 etiam
1257 2956 1657 3043 exploratiS,
1716 2978 1853 3023 non
1900 2959 2169 3025 videtur
2225 2980 2399 3091 prae·

185 3062 444 3127 cedens
464 3061 814 3126 Recensus
843 3060 1238 3126 Editionum
1259 3059 1544 3125 multum
1573 3059 1883 3127 deficere.

278 3164 390 3228 De
425 3159 722 3229 Editione
763 3160 1062 3247 Principe
1093 3162 1278 3227 Flori
1307 3182 1560 3245 magna
1594 3171 1703 3228 est
1728 3164 2211 3230 controversia.
2280 3164 2403 3230 Se-

189 3264 490 3331 cundum
537 3263 920 3330 Fabricium
963 3264 1068 3349 (in
1096 3264 1423 3330 Biblioth.
1471 3264 1625 3332 Lat.
1669 3266 1801 3331 vol.
1834 3284 1917 3332 ιι.
1954 3287 2026 3350 p.
2054 3266 2207 3332 442.
2246 3266 2404 3333 edit.

193 3368 458 3433 Ernest.
500 3364 734 3450 1773.)
781 3372 855 3431 et
897 3364 1312 3443 Harlesium,
1361 3364 1467 3450 (in
1495 3366 1799 3433 Brevior.
1844 3366 2009 3432 Not.
2035 3367 2168 3433 Lit.
2203 3366 2401 3431 Rom.

191 3491 262 3554 p.
289 3468 476 3548 422)
511 3474 669 3533 sunt
707 3474 992 3554 quatuor
1018 3468 1314 3551 antiquae
1357 3468 1697 3535 editiones
1726 3470 1875 3535 sine
1902 3470 2055 3532 loco
2092 3476 2165 3532 et
2202 3486 2401 3547 anno,

195 3567 372 3633 adeo
419 3574 496 3634 ut
534 3588 850 3653 quoenum
875 3588 1108 3635 earum
1159 3570 1250 3635 sit
1306 3564 1605 3653 Princeps
1654 3570 1951 3653 quaestio
1998 3567 2221 3633 adhue
2273 3570 2405 3633 sub

185 3670 434 3753 judioe‘
449 3670 886 3755 relinquenda
910 3672 1243 3737 videatur.
1331 3670 1552 3735 Immo
1572 3669 1955 3753 catalogos
1976 3669 2123 3754 jam
2150 3690 2404 3735 memo-

195 3779 382 3837 ratos
409 3772 842 3857 perpendenti
867 3772 1222 3856 probabile
1243 3770 1576 3849 videatur,
1605 3772 1837 3856 plures
1874 3790 2029 3839 esse
2056 3770 2405 3851 editiones,

196 3872 344 3937 sine
375 3892 580 3951 anno,
611 3892 766 3956 quse
791 3872 1046 3938 saeculo
1073 3888 1204 3935 xv.
1254 3870 1695 3954 assignentur,
1721 3881 1793 3941 et
1828 3894 1951 3941 eas
1984 3874 2107 3940 isti
2150 3872 2404 3941 saeculo

199 3991 245 4037 a
273 3973 680 4057 Bipontinis,
703 3975 776 4039 in
795 3972 866 4039 N
865 3974 1056 4039 otitia
1079 3993 1282 4058 supra
1303 3974 1593 4058 prolata,
1616 3982 1795 4043 recte
1812 3976 2039 4043 forsan
2058 3978 2405 4059 assignari.

201 4073 358 4141 Una
377 4095 536 4141 vero
559 4078 787 4143 forsan
811 4077 1018 4143 editio
1037 4078 1276 4145 soeculi
1297 4092 1424 4141 xv.
1453 4078 1769 4147 addenda
1792 4085 2033 4156 manet,
2054 4099 2205 4144 cum
2228 4098 2405 4143 anno

199 4179 269 4239 et
292 4176 470 4255 loeo,
491 4198 729 4263 nempe
756 4180 980 4247 Paris.
1005 4183 1140 4247 4to.
1164 4180 1357 4246 1480.
1387 4183 1448 4245 si
1478 4182 1685 4247 modo
1716 4182 2085 4265 Catalogus
2120 4179 2403 4245 Univer-

333 4275 510 4340 netpn.
533 4284 578 4329 ee
611 4277 884 4333 vanem.
1341 4280 1471 4331 nor.
2149 4286 2183 4333 ι
2218 4280 2271 4331 D
