2910 4693
491 328 621 394 660

492 488 653 538 millia
695 486 1014 553 septingenti
1053 486 1276 553 equites,
1312 492 1371 537 et
1413 491 1559 537 tanta

491 578 658 631 prope
679 565 868 614 civium
905 564 1267 628 sociorumque,
1295 576 1415 626 pars
1437 562 1559 613 cosi

493 636 770 691 dicuntur!
833 637 1122 705 Significat,
1141 652 1208 687 ex
1229 637 1385 688 sociis
1407 644 1467 688 et
1487 638 1559 688 ci·

495 714 642 765 vibus
667 729 865 780 equam
895 721 1095 779 partem
1119 712 1387 764 cecidisse.
1453 712 1560 763 Ro-

493 790 632 841 mani
656 799 765 843 tum
787 791 1050 841 exercitus
1079 805 1144 841 ex
1168 789 1368 841 civibus
1392 804 1455 839 ac
1479 801 1559 839 so-

493 868 587 917 ciis
630 868 959 920 constabant.
1040 866 1254 917 Auxilia
1296 880 1363 915 ex
1405 866 1560 916 sociis

495 947 704 1011 proprie
747 945 1074 996 dicebantur.
1159 944 1414 1008 Legiones
1455 944 1560 994 Ro·

492 1036 762 1071 manorum
799 1021 1007 1071 civium.
1087 1018 1368 1069 Exercitus
1403 1019 1563 1069 socio·

497 1112 607 1147 rum
633 1098 918 1163 plerunque
957 1085 1172 1146 numero
1211 1093 1454 1159 aequabat
1488 1092 1559 1143 ie·

495 1172 672 1237 giones
697 1172 971 1223 Romanas.
1006 1170 1122 1222 Lir.
1142 1169 1231 1220 lib.
1253 1180 1386 1219 xxv·
1413 1170 1430 1197 ⁸
1451 1170 1560 1219 Da-

495 1254 552 1299 ta
575 1262 668 1313 pro
706 1248 931 1313 quinque
963 1253 1084 1298 octo
1122 1246 1282 1295 millia
1319 1246 1560 1307 militum,

495 1342 615 1391 pars
638 1326 849 1376 dimidia
867 1326 1026 1390 cives,
1042 1339 1162 1390 pars
1178 1324 1338 1373 soeii.’
1370 1324 1559 1373 Utrum

492 1402 654 1468 igitur
675 1402 848 1453 verbis
885 1402 1008 1465 iilis,
1040 1416 1158 1466 qnae
1193 1414 1352 1464 supra
1389 1400 1561 1463 posul-

495 1493 626 1541 mus,
649 1478 996 1545 quadraginta
1015 1476 1178 1527 millia
1199 1477 1383 1527 civium
1403 1489 1561 1536 casa,

495 1562 550 1606 et
594 1556 810 1606 totidem
854 1556 1134 1617 sociorum,
1177 1553 1436 1617 siguificat
1481 1554 1563 1604 Li·

493 1630 627 1695 vius,
648 1646 712 1682 an
735 1648 800 1682 ex
823 1631 1164 1698 quadraginta
1187 1630 1427 1690 millibus,
1443 1644 1561 1695 quoe

492 1706 729 1758 feruntur
767 1708 959 1770 occisa,
999 1723 1200 1772 requam
1249 1713 1450 1771 partem
1494 1707 1563 1756 ci-

497 1782 632 1833 vium
677 1790 730 1833 et
774 1783 1028 1833 sociorum
1073 1782 1444 1847 interemptam
1490 1782 1565 1831 iu-

495 1858 646 1907 nuit?
711 1856 827 1907 Hoc
873 1858 1060 1908 verius.
1118 1858 1273 1908 Saltu.
1339 1859 1424 1907 De
1470 1873 1560 1909 nu·

495 1948 641 1981 mero
665 1934 813 1983 Rom.
835 1932 1228 1983 interfectorum
1259 1948 1358 1983 uon
1384 1950 1563 1985 omnes

493 2008 632 2057 idem
677 2009 924 2059 sentiunt.
993 2010 1136 2073 Lege
1188 2006 1455 2059 Plutarch.
1508 2012 1561 2060 in

494 2084 684 2133 Annib.
735 2085 872 2134 Cous.
938 2082 1208 2145 Sexaginta
1245 2084 1397 2135 millia
1441 2092 1563 2136 sunt

494 2176 576 2227 ap.
597 2160 746 2212 sord.
767 2162 857 2210 sed
881 2161 945 2210 de
969 2162 1182 2211 incertis
1199 2162 1310 2211 istis
1333 2164 1560 2213 numeris

493 2238 780 2287 monuimus
828 2239 880 2287 in
929 2238 1250 2302 Eutropium.
1312 2239 1420 2291 Via.
1488 2241 1559 2291 N.

496 2312 676 2364 Heius.
699 2314 952 2365 malebat:
990 2316 1116 2364 coede
1147 2314 1192 2364 ei
1220 2319 1363 2379 parta
1393 2316 1559 2366 nobili-

495 2395 587 2439 tas.
621 2389 798 2440 Graev.
867 2391 1042 2440 Livius
1086 2403 1215 2440 xxv.
1237 2395 1286 2440 6.
1325 2393 1390 2441 ad
1430 2393 1563 2442 Cau·

493 2479 586 2516 nas
631 2467 745 2530 pius
783 2467 1157 2532 quinquaginta
1199 2469 1361 2518 millia
1402 2469 1562 2519 homi-

495 2555 616 2590 num
654 2541 910 2592 cecidisse
946 2543 1148 2594 scribit.
1217 2545 1476 2606 Emer-gere
1509 2546 1561 2594 in

492 2619 760 2667 claritatem
794 2619 998 2668 nominis
1040 2618 1164 2668 dicit
1203 2619 1326 2669 Seu.
1361 2633 1449 2669 ιιι.
1494 2620 1560 2668 de

494 2692 680 2746 Benef.
703 2697 785 2744 29.
819 2696 833 2723 ‘
854 2693 995 2744 Nee'
1019 2696 1306 2758 potuissem
1325 2695 1342 2722 ‘
1360 2695 1411 2742 in
1427 2694 1561 2744 hauc

495 2781 762 2833 emergere
799 2768 1020 2818 nominis
1053 2770 1367 2832 claritatem,
1409 2784 1560 2834 quam

493 2845 633 2894 civili
687 2859 748 2894 ae
797 2845 1010 2894 militari
1053 2845 1312 2896 industria
1364 2841 1563 2894 merui?

493 2922 614 2973 Juv.
635 2935 719 2972 ιιι.
737 2915 850 2971 Sat.
879 2925 987 2971 164.
1019 2923 1034 2949 ⁸
1053 2921 1208 2971 Haud
1229 2921 1380 2972 facile
1399 2935 1565 2972 emer·-

495 2999 654 3059 gunt?
739 2999 974 3062 Begerus
1023 2999 1193 3062 rejicit
1249 2999 1563 3048 sententiam

494 3075 750 3136 Salmasii,
772 3075 857 3139 qui
884 3073 1105 3137 putabat
1129 3071 1420 3137 elegantius
1449 3087 1563 3122 ease

483 3150 626 3210 fercla
663 3150 906 3206 nobilitas,
953 3163 1108 3214 quarn
1140 3155 1298 3212 porta.
1363 3149 1380 3176 ⁸
1403 3148 1562 3198 Aliud

495 3225 616 3289 est,'
656 3225 841 3292 inquit,
871 3225 913 3253 ‘⁸
939 3234 1090 3289 parta
1109 3223 1384 3288 nobilita&
1421 3224 1562 3274 alind

491 3301 508 3329 ⁸
528 3300 673 3351 facta
704 3299 988 3351 nobilitas!
1050 3303 1067 3331 ‘
1089 3301 1252 3350 Parta
1287 3299 1561 3351 nobilitas’

493 3393 611 3428 eum
649 3377 915 3442 supponit,
957 3376 1040 3427 cni
1079 3385 1230 3442 parta
1272 3383 1372 3438 est,
1409 3391 1561 3427 secus

496 3463 670 3504 autem
709 3453 886 3504 ‘facta
909 3451 1213 3503 nobiiitas.'’
1284 3452 1416 3502 floec
1438 3453 1562 3504 mihi

495 3539 618 3581 sunt
641 3530 768 3583 folia
790 3531 1016 3596 Sibyllae.

561 3609 682 3659 Tota
699 3607 920 3673 denique]
956 3609 1110 3659 Saim.
1137 3606 1191 3657 in
1229 3605 1376 3657 Edit.
1407 3607 1560 3658 Com-

495 3685 614 3733 mel.
642 3687 841 3734 monuit
860 3687 1058 3750 deniqne
1087 3699 1189 3735 non
1223 3683 1326 3748 legi
1349 3685 1402 3734 iu
1425 3684 1561 3748 opti-

497 3759 593 3807 mis
615 3760 760 3810 libris
781 3761 1010 3826 scriptis,
1045 3776 1212 3828 neque
1246 3763 1298 3812 iu
1319 3762 1439 3812 Vet.
1464 3760 1562 3811 Ed.

495 3845 593 3884 nec
619 3836 670 3884 in
695 3836 844 3887 Jord.
911 3836 1260 3888 Desideratur
1277 3853 1378 3888 non
1397 3837 1559 3888 solnm

495 3911 549 3960 in
575 3911 704 3960 Naz.
729 3919 786 3960 et
807 3911 942 3962 Pau.
976 3913 1067 3962 sed
1105 3914 1261 3962 etiam
1297 3914 1350 3962 in
1393 3913 1561 3977 Ryck.

497 3989 662 4051 Regg.
689 3987 869 4037 Duisb.
893 3995 948 4037 et
967 3989 1121 4038 Voss.
1141 3992 1189 4037 2.
1213 3993 1263 4038 8.

563 4066 607 4128 §.
647 4067 708 4114 16
758 4061 1006 4114 &mutatis
1045 4065 1332 4130 transfugis]
1383 4066 1561 4116 simile

496 4139 832 4206 strategema
873 4142 1100 4205 reperies
1153 4157 1235 4206 ap.
1278 4143 1557 4194 Leunciav.

498 4216 685 4267 Anuai.
703 4219 914 4270 Tttrcic.
940 4221 1047 4268 148.
1085 4217 1303 4269 Freinsh-

1203 340 1418 391 ‘NO'I'AE
1468 342 1871 391 vammum
1920 340 1999 391 IN

1702 484 1961 535 Observato
1983 484 2072 535 loci
2092 482 2307 549 ingenio]
2340 480 2359 515 ⁸
2372 480 2583 537 Bonum
2602 482 2693 535 du·

1632 574 1746 611 cem
1766 562 2011 611 convenit
2040 574 2211 626 nosse,
2230 574 2465 625 magnam
2492 566 2697 626 partem

1632 636 1891 700 victoria,
1912 638 2081 702 ipsum
2118 637 2307 701 locum,
2346 637 2401 687 iu
2422 651 2527 703 quo
2548 636 2701 687 dimi-

1628 711 1855 763 candum
1878 719 1978 775 est,
2000 712 2303 777 possidere?
2347 714 2627 778 vegetius,
2648 718 2701 777 8,

1633 793 1713 838 18.
1782 788 1951 855 quue
1984 789 2157 839 multis
2190 789 2441 855 exemplis
2462 800 2699 853 conpro-

1633 862 1728 917 bat
1765 864 2059 925 FrontInus,
2102 870 2220 916 toto
2262 878 2379 931 cap.
2414 870 2468 917 ².
2508 864 2603 916 lib.
2648 870 2701 916 2.

1633 944 1769 995 Inde
1807 950 1889 995 est
1933 944 2073 1009 quod
2112 944 2309 995 Darius
2345 944 2455 994 ait:
2504 946 2523 974 ‘
2542 942 2701 997 Quod

1633 1032 1863 1071 mearum
1900 1019 2003 1071 fuit
2038 1022 2283 1085 partium,
2301 1024 2399 1071 διο.
2420 1021 2611 1079 Ιοοιι,
2648 1020 2705 1069 in

1632 1112 1735 1164 quo
1759 1098 1897 1149 acies
1913 1098 2162 1161 explicari
2184 1106 2380 1162 posset,
2397 1096 2536 1161 elegi
2552 1096 2585 1146 τ’
2618 1108 2703 1158 ap.

1634 1172 1781 1224 Curt.
1802 1180 1853 1236 4,
1884 1178 1967 1236 14,
2002 1178 2081 1223 12.
2111 1182 2169 1224 et
2194 1173 2424 1238 ap-‘l'ac-
2446 1172 2519 1224 H.
2537 1177 2591 1223 5.
2622 1176 2707 1237 17,

1630 1256 1679 1301 8.
1703 1250 1913 1303 Civilis:
1948 1255 1965 1281 ‘
1983 1253 2113 1305 Quae
2134 1250 2397 1316 provideri
2420 1257 2536 1301 astu
2553 1252 2704 1302 ducis

1630 1328 1946 1393 oportuerit,
1979 1328 2298 1391 providisset
2351 1340 2567 1391 campos
2603 1340 2707 1376 tna·

1633 1402 1839 1465 dentes,
1859 1408 1914 1453 et
1946 1402 2071 1468 ipsis
2100 1418 2308 1467 guaros,
2344 1403 2562 1468 paludes
2585 1404 2701 1452 hos-

1634 1478 1773 1528 tibus
1822 1478 2035 1529 noxias!
2094 1480 2244 1528 Idem.
2318 1478 2402 1529 Ad
2440 1492 2524 1543 ea,
2582 1494 2703 1544 qno

1635 1554 1867 1605 Freinsh.
1910 1555 1963 1604 in
1996 1552 2115 1605 Iud.
2159 1554 2377 1605 adnotat
2418 1554 2486 1604 de
2531 1554 2707 1618 phrasi

1633 1630 1650 1656 ⁸
1666 1630 1931 1692 ingenium
1956 1628 2092 1693 ioci:
2114 1628 2235 1680 add.
2250 1628 2492 1695 lutei-pp·
2506 1630 2709 1681 sustin.

1636 1704 1701 1753 ad
1727 1716 1787 1753 ιι.
1810 1708 1859 1753 2.
1884 1710 1939 1753 et
1966 1704 2175 1755 Petron.
2198 1718 2315 1769 cap.
2336 1716 2527 1755 cxxvr.

1704 1780 1842 1836 Quod
1869 1784 1917 1829 et
1938 1782 2009 1829 sol
2028 1780 2095 1829 ibn·
2123 1780 2403 1845 acen-inus]
2457 1781 2711 1831 Imitatus

1634 1854 1731 1907 hoc
1753 1862 1936 1921 postea
1964 1856 2182 1918 Marius,
2202 1856 2451 1921 insignem
2474 1872 2540 1906 ex
2564 1858 2713 1909 Cin·

1636 1932 1740 1983 bris
1764 1932 2038 1982 victoriam
2076 1934 2257 1983 retulit
2281 1931 2374 1983 inf.
2398 1936 2451 1996 8,
2470 1936 2523 1995 8,
2542 1936 2629 1984 27.
2650 1941 2711 1984 et

1636 2020 1720 2072 ap.
1756 2008 1899 2057 Piut.
1929 2008 1981 2056 in
2001 2008 2146 2071 Vita,
2166 2022 2281 2072 cap.
2300 2012 2384 2061 48.
2456 2008 2603 2059 Hinc
2625 2016 2711 2059 est

1638 2084 1864 2149 vegetii,
1883 2088 1934 2145 8,
1958 2088 2035 2135 14.
2058 2091 2403 2149 praeceptum,
2434 2084 2453 2114 ⁸
2476 2083 2711 2134 Ordina-
2772 2148 2781 2155 ·

1636 2168 1783 2209 turus
1802 2161 1977 2219 ,aciem
2013 2161 2116 2210 tria
2147 2159 2307 2211 debet
2338 2166 2464 2210 ante
2498 2162 2709 2224 prospi-

1634 2250 1775 2298 cere,
1796 2237 1976 2299 aolem,
1993 2236 2280 2301 pulverem,
2297 2238 2543 2287 venturu?
2564 2238 2711 2287 Ven-

1636 2312 1675 2362 ti
1698 2312 2008 2364 adminiculo
2048 2312 2205 2364 etiam
2237 2313 2547 2364 Bactrianos
2579 2314 2711 2364 vicit

1637 2389 1980 2453 Artaxerxes,
2000 2389 2052 2438 in
2072 2395 2307 2453 excerpt.
2321 2389 2469 2438 Pers.
2490 2389 2711 2452 Ctesiae,

1636 2481 1752 2531 cap.
1773 2471 1856 2516 81.
1881 2473 1937 2516 et
1959 2466 2204 2516 Saraceni
2228 2467 2426 2516 Banem
2461 2471 2519 2515 et
2556 2465 2709 2514 Basi-

1634 2541 1835 2606 liscum,
1872 2543 2478 2607 Constantinopolitanos
2522 2543 2711 2604 duces,

1634 2618 1686 2667 in
1712 2619 2176 2685 Saracenicis,quae
2197 2619 2503 2684 Sylburgius
2516 2620 2709 2680 edidit,

1636 2707 1756 2758 pag.
1796 2699 1880 2745 72.
1940 2695 2162 2745 steiana.
2226 2695 2245 2724 ‘
2262 2693 2350 2745 Sol
2386 2695 2676 2746 acerrimus
2694 2696 2709 2718 ’

1636 2777 1720 2820 est
1742 2768 2149 2833 ardentissimus,
2172 2783 2322 2834 quem
2354 2770 2519 2822 etiam
2555 2773 2573 2798 ‘
2594 2787 2709 2824 aeu-

1636 2853 1749 2896 tnm
1764 2847 1779 2868 ’
1800 2845 1977 2896 dicunt
1994 2845 2187 2909 Latini,
2208 2843 2315 2908 ὀξὺν
2330 2847 2529 2898 Greci.
2582 2849 2703 2898 vid.

1639 2923 1816 2974 Graev.
1850 2921 2067 2974 Hesiod.
2106 2925 2254 2974 Iaect.
2289 2939 2337 2974 c.
2374 2937 2455 2974 rx.
2486 2925 2640 2990 virg.
2670 2941 2709 2974 1.

1638 2999 1707 3050 G.
1747 3005 1830 3050 92.
1882 3001 1900 3028 ⁴
1936 2999 2231 3066 Rapidique
2286 3001 2530 3064 potentia
2584 3002 2707 3051 solis

1640 3075 1854 3125 Acrior?
1888 3075 2160 3125 Columeli.
2184 3086 2265 3125 xt.
2286 3079 2336 3124 2.
2352 3076 2371 3103 ⁶
2388 3075 2708 3142 Priusquam

1636 3151 1712 3200 soi
1737 3151 1911 3201 acrior
1926 3158 2111 3202 exurat
2131 3150 2355 3200 terram!

1705 3229 1777 3278 Et
1817 3227 1975 3278 Eum
2015 3227 2075 3277 ab
2118 3227 2317 3278 Oriente
2349 3243 2539 3294 semper
2578 3233 2710 3294 qimi

1636 3305 1699 3353 ad
1740 3303 2069 3368 mimum]
2124 3302 2180 3353 la
2220 3303 2514 3354 Volturnus
2562 3305 2709 3356 Livio

1638 3381 1851 3446 dicitur,
1882 3382 1971 3447 qui
2010 3381 2075 3430 ab
2112 3380 2293 3430 incolis
2328 3381 2445 3446 ejus
2465 3383 2713 3444 regionis,

1640 3457 1727 3506 ubi
1748 3465 1855 3506 turn
1876 3463 2158 3523 pugnatum
2174 3463 2275 3518 est,
2295 3457 2371 3506 ita
2388 3459 2571 3508 vocari
2596 3473 2713 3523 pro-

1636 3532 1733 3583 dit.
1798 3533 1883 3585 Ab
1905 3547 2057 3584 amne
2073 3534 2333 3585 Volturno
2350 3534 2438 3599 qui
2461 3535 2711 3584 veniebat

1636 3618 1842 3673 ventus,
1878 3609 2014 3676 quod
2051 3609 2119 3660 ab
2160 3609 2381 3660 Oriente
2424 3610 2505 3660 his
2540 3609 2711 3672 flaret,

1637 3685 1712 3736 sic
1740 3687 2069 3751 appellarunt
2090 3685 2368 3751 indigenae.
2438 3685 2563 3738 Hoc
2586 3703 2708 3754 quo·

1637 3779 1739 3829 que
1761 3763 1966 3814 nomine
1982 3769 2139 3814 notus
2152 3763 2494 3828 scriptoribus
2516 3765 2710 3816 Roma·

1637 3841 1717 3890 nis
1737 3838 1858 3890 fuit.
1930 3841 2015 3890 De
2058 3841 2165 3892 sole
2201 3839 2343 3905 quod
2378 3841 2457 3891 ait
2492 3842 2711 3903 Noster,

1639 3916 1949 3966 contrarium
1988 3917 2236 3967 Romanis
2258 3912 2445 3980 fuisse,
2458 3916 2515 3966 id
2546 3925 2707 3982 negat

1641 3991 1818 4041 Livius
1842 3991 1927 4056 qui
1962 3993 2167 4059 utrique
2203 3993 2341 4057 parti
2381 3997 2596 4057 aeq'uum
2632 3994 2709 4042 fu-

1636 4067 1738 4116 isse
1760 4067 1942 4130 tradit,
1980 4083 2045 4119 ex
2068 4068 2276 4135 obliquo
2298 4067 2555 4120 ambobus
2578 4068 2708 4119 aeci-

1637 4143 1868 4194 dentem.
1951 4147 1967 4173 ‘
1987 4145 2113 4210 Sol,'
2145 4145 2324 4211 inquit,
2359 4147 2489 4194 ‘seu
2530 4145 2601 4196 de
2637 4145 2704 4193 iu-

1638 4219 1839 4269 dustria
1871 4221 1947 4270 ita
1969 4221 2173 4284 locatis,
2192 4231 2285 4270 seu
2304 4217 2447 4270 forte
2464 4209 2551 4272 ita
2572 4229 2702 4271 stan·
