2910 4693
658 371 723 421 1..
766 367 1025 419 Anum
1074 368 1297 418 nolu
1348 367 1492 415 Lm.
1538 366 1639 415 lv.
1689 370 1854 418 cm».
1899 350 2008 421 12.

237 512 537 574 Periaouio,
574 512 663 577 qui
708 518 833 579 post⁸
866 512 969 561 alia
1005 518 1161 577 atque
1201 512 1305 561 aliu

234 588 459 652 margini
505 588 687 647 adlita‚
742 587 953 637 tandem
1002 588 1305 650 scripserat,

234 677 293 712 se
326 669 545 726 propter
576 662 1017 712 constructionem
1050 659 1303 724 pra-ferre

231 740 402 789 stricto
412 738 553 799 ferro
569 742 787 787 mmet
798 738 989 785 culum
1009 738 1061 785 in
1080 742 1305 801 tempore.

232 816 249 842 ⁸
267 814 520 877 Tempus'
553 827 648 877 pro
674 819 825 876 parte
848 812 1036 875 capitis
1058 812 1305 874 singulari

232 904 453 941 numero
474 890 579 940 dici
600 896 785 939 contra
824 889 1109 939 charisium
1130 895 1302 939 osten-

232 967 318 1017 dit
342 968 537 1016 Muret.
574 965 640 1014 ad
676 965 873 1015 Catuli.
896 966 955 1015 C.
980 977 1119 1014 ικιι.
1137 971 1191 1014 et
1214 962 1301 1013 ad-

230 1045 471 1091 notatum
494 1047 575 1090 est
596 1040 649 1089 iu
670 1040 821 1089 Thes.
844 1038 1017 1089 Fabri.
1046 1040 1151 1090 Sed
1166 1038 1301 1104 quod

230 1116 311 1165 ibi
352 1115 561 1164 additur
597 1121 802 1163 veteres
836 1114 993 1163 etism
1032 1115 1301 1179 scripsisse

228 1190 459 1253 timpora,
500 1202 601 1238 non
646 1188 751 1253 alia
792 1188 1107 1239 auctoritate
1150 1203 1301 1253 quam

229 1281 283 1315 v.
320 1279 368 1316 e.
389 1266 551 1325 Flori,
570 1280 683 1329 quo
708 1264 935 1315 Grutero
970 1278 1065 1328 pro
1088 1267 1301 1316 oraculo

228 1339 355 1404 fuit,
391 1340 489 1391 niti
520 1340 649 1390 scio.
701 1339 865 1404 [an.
904 1340 955 1388 in
988 1344 1300 1402 temptamus

228 1416 437 1467 veroin
459 1417 575 1467 vv.
598 1417 705 1466 LI..
727 1416 780 1465 is
802 1416 1021 1478 tin-pore,
1042 1416 1147 1466 Ms.
1172 1416 1298 1465 Ber.

228 1491 413 1555 legere
434 1492 701 1551 diximum]
981 1512 995 1519 ·

298 1569 349 1631 ς.
385 1571 449 1617 45
494 1564 755 1627 Super-stili
784 1561 931 1611 etiam
959 1575 1053 1610 m
1094 1560 1299 1622 Cauri]

228 1646 381 1707 Lego
400 1642 647 1707 superstiti
678 1640 933 1690 αἰωιιιιιυιι
956 1638 1139 1687 casm-i
1156 1637 1301 1685 sutis-

216 1718 372 1783 fecie,
392 1717 491 1767 boc
515 1724 614 1779 est,
637 1716 803 1766 adbuc
826 1713 1116 1778 superstiti.
1149 1711 1298 1762 Salus.

228 1795 326 1845 Ita
364 1796 499 1845 Νη.
535 1793 675 1841 Flor.
715 1799 774 1842 et
808 1791 970 1855 Magi.
1036 1789 1299 1854 Sequutus
1364 1822 1371 1827 -

228 1886 353 1922 sum
392 1870 625 1923 Freinsb.
660 1876 719 1919 et
754 1869 931 1919 Graev.
972 1882 1003 1917 e
1038 1868 1172 1917 Nat.
1199 1866 1299 1916 etsi

226 1946 559 2012 frequentius
596 1946 613 1973 ‘
638 1944 795 1995 etiam
818 1942 980 1993 uunc’
1010 1950 1065 1993 et
1098 1944 1114 1972 ‘
1138 1942 1299 1991 etiam

228 2023 375 2073 tum'
412 2022 516 2071 dici
560 2022 785 2072 invenio.
853 2021 919 2070 Iu
962 2021 1141 2071 Plauti
1184 2022 1299 2071 Me-

226 2098 405 2149 naecb.
442 2110 529 2147 m.
568 2100 615 2146 1.
658 2101 738 2147 15.
778 2110 955 2147 omnes
996 2095 1133 2145 Edd.
1174 2110 1299 2161 quas

226 2172 363 2235 vidi,
398 2170 596 2222 babent
629 2172 901 2221 atomum.
970 2171 1033 2220 In
1066 2172 1222 2221 Varr.
1256 2186 1298 2221 1.

227 2248 301 2300 de
338 2248 405 2298 R.
444 2248 511 2297 R.
548 2252 631 2297 87.
664 2247 778 2299 Liu.
814 2260 946 2297 xxv.
976 2252 1057 2298 ⁸8.
1090 2248 1201 2299 Cic.
1242 2260 1297 2299 x.

228 2330 381 2380 Fam.
418 2331 499 2377 10.
534 2331 589 2377 et
627 2338 751 2377 vm.
788 2326 859 2378 ad
892 2326 1006 2378 Att.
1038 2326 1091 2377 ln
1126 2328 1299 2392 Epist.

230 2405 477 2470 Pompeii
500 2405 667 2454 variat
684 2405 961 2468 scriptura.
1002 2404 1209 2455 Cottius
1232 2405 1299 2458 ad

226 2481 365 2532 Sall.
405 2481 521 2532 Cat.
554 2494 619 2530 ιι.
649 2486 705 2530 et
726 2480 851 2544 Jug.
888 2493 1049 2532 xxxr.
1091 2482 1301 2532 videtur

226 2557 373 2608 velle
394 2571 601 2618 semper
622 2555 951 2606 scribendum
974 2572 1091 2607 esse
1118 2563 1167 2606 et
1192 2558 1301 2619 jun

226 2647 375 2682 nm.
440 2631 561 2680 Nou
583 2630 815 2694 intelligo
832 2632 1111 2681 rationemz
1142 2642 1301 2698 atque

227 2709 399 2760 ctiam
432 2708 618 2770 miuus,
651 2723 743 2758 cur
775 2709 1041 2760 Marcilius
1061 2710 1127 2760 ad
1150 2712 1299 2773 Suet.

229 2787 460 2850 vespas.
484 2799 539 2835 v.
562 2787 817 2836 etiamnum
852 2786 939 2836 hic
956 2783 1093 2850 pro,
1126 2788 1301 2852 plane,

230 2861 363 2926 poni
382 2859 540 2912 dicat.
604 2861 825 2912 Vinctus
845 2863 927 2913 hic
955 2863 1029 2913 ita
1052 2863 1296 2913 adnotat:

224 2939 241 2967 ⁶
268 2936 414 2988 Illud
442 2939 695 3000 etiumnos,
718 2938 856 3002 quod
878 2937 979 2988 fuit
1001 2939 1055 2987 in
1076 2938 1302 3003 antiquis

228 3012 633 3076 exemplaribus,
677 3012 731 3061 id
776 3013 1014 3078 magistri
1058 3014 1221 3064 nostri
1252 3030 1301 3064 e-

228 3091 469 3140 tiamnum
500 3089 677 3140 dicere
718 3091 1130 3154 praecipiebant.’
1163 3092 1179 3119 ‘
1207 3092 1300 3142 Sa·

229 3163 465 3216 tisfecit'
499 3173 597 3228 est,
636 3179 815 3230 poenas
853 3166 1018 3216 dedit.
1069 3167 1299 3218 Martini.

232 3250 343 3291 ιιι.
370 3243 450 3290 14.
497 3240 513 3269 ‘
534 3241 684 3305 Soepe
706 3239 968 3290 satisfecit
998 3243 1191 3305 praedoe
1214 3257 1301 3292 ve-

228 3323 411 3374 nator,
452 3322 510 3366 et
546 3319 655 3366 acri
680 3315 893 3367 Decidit
918 3331 1184 3380 excussus,
1202 3333 1300 3369 nec

228 3391 501 3442 rediturus
522 3393 693 3456 equo.'
755 3392 845 3442 Its
876 3393 1123 3458 Ryckius.
1158 3393 1297 3445 Add.

228 3467 472 3518 Freiusb.
493 3466 609 3516 Ind-

298 3547 346 3610 ἦ.
368 3549 435 3596 40
468 3542 730 3606 Hispania]
775 3543 941 3593 Gesta
972 3543 1039 3593 ab
1061 3542 1300 3610 Augusto

226 3623 287 3672 in
326 3621 583 3684 Hispania
612 3619 793 3669 scribit
832 3619 1027 3682 Livius,
1056 3619 1153 3680 lib.
1190 3624 1299 3671 1³5.

229 3696 433 3750 sustin.
471 3698 556 3757 44,
596 3701 645 3745 5.
690 3695 839 3745 Suet.
878 3695 931 3744 in
969 3697 1115 3758 Vita,
1147 3711 1298 3761 capp.

228 3775 323 3835 20,
344 3776 403 3820 et
436 3774 518 3820 21.
550 3771 771 3834 Eutrop.
802 3773 854 3832 7,
888 3773 937 3820 2.
970 3769 1123 3820 Oros.
1144 3775 1297 3834 6,20.

231 3849 381 3911 Lege
419 3845 607 3895 Horat.
642 3845 701 3895 c.
736 3845 813 3909 [3,
846 3843 952 3907 14.]
984 3849 1037 3906 4,
1057 3851 1108 3906 ⁶,
1132 3849 1213 3910 14,
1244 3852 1301 3896 et

230 3928 321 3974 1⁶.
358 3923 569 3972 comus.
636 3922 823 3971 Pacato
846 3919 958 3980 sere
986 3935 1031 3971 ο.
1068 3921 1165 3984 Η.]
1212 3922 1299 3973 Ita

230 4000 381 4050 Plor.
404 3999 576 4048 Berol.
610 3998 801 4048 Duisb.
822 4002 879 4046 et
902 4011 947 4048 v.
970 4011 1019 4046 e.
1054 4012 1083 4047 e
1118 3998 1297 4064 quaid

228 4074 440 4138 recepit
456 4073 613 4124 Grut.
632 4081 687 4124 et
708 4079 829 4137 post
850 4087 969 4123 eum
990 4075 1221 4125 Freinsb.
1242 4082 1299 4126 et

231 4151 419 4200 Graev.
519 4148 753 4211 Ryckius
812 4149 1034 4213 putabat
1088 4151 1297 4202 Florum

230 4227 249 4258 ὅ
276 4223 551 4276 Oceanum
573 4225 893 4276 citeriorem’
924 4226 1099 4278 dicere
1131 4228 1198 4277 ab
1220 4230 1295 4294 ip·

2265 350 2436 421 1⁰91

1376 529 1433 564 sa
1475 514 1752 581 Hispania,
1787 529 1938 581 qnam
1975 516 2030 566 iu
2063 516 2360 566 citeriorem
2381 523 2440 566 et

1372 592 1680 641 ulteriorem
1725 591 1993 641 dividebat
2049 593 2247 641 Iberus.
2331 592 2438 643 Sed

1372 665 1596 716 Astures
1644 666 1844 731 longius
1899 668 2036 717 ultra
2089 668 2296 717 Iberum
2350 668 2438 719 siti

1374 750 1515 805 sunt,
1548 757 1701 809 quam
1739 749 1800 792 ut
1831 743 1937 792 dici
1973 745 2172 808 possint
2207 744 2440 808 Oceano,

1374 834 1526 885 quem
1561 818 1627 868 ab
1664 818 1920 883 Hispania
1955 821 2198 870 citeriore
2230 821 2438 871 citerio-

1374 910 1484 945 rem
1523 894 1718 945 dictum
1749 895 2028 956 existimat,
2064 897 2224 947 adlui.
2290 897 2442 947 Peri-

1374 970 1554 1021 zonius
1591 971 1868 1035 scripserat
1887 970 1904 999 ⁴
1929 972 2198 1023 Oceanum
2237 974 2444 1023 citerio-

1374 1060 1484 1097 rem
1500 1047 1515 1068 ’
1539 1061 1570 1094 a
1591 1046 1746 1096 Floro
1779 1046 1884 1096 dici
1907 1054 2148 1111 respectu
2167 1048 2438 1112 Hispania

1372 1123 1648 1185 citerioris,
1669 1123 1962 1187 propiorem
1996 1124 2260 1185 Romanis,
2283 1138 2436 1188 quam

1376 1200 1644 1251 Oceanum
1667 1214 1754 1263 ap.
1776 1200 2118 1262 Lusitaniam,
2141 1201 2178 1250 i.
2200 1213 2248 1249 e.
2281 1200 2438 1250 Occi·

1374 1274 1658 1325 dentalem.
1697 1275 1780 1325 Ita
1801 1282 1968 1326 totum
1985 1276 2130 1326 illum
2150 1275 2442 1336 Oceanum,

1372 1366 1528 1415 quem
1552 1350 1916 1402 Cantabricum
1951 1358 2159 1412 vocant,
2185 1364 2349 1415 usque
2371 1348 2439 1399 ad

1372 1426 1782 1491 promuntorium
1805 1422 2108 1484 Artabrum,
2130 1425 2315 1473 Florus
2335 1422 2351 1451 ‘
2371 1423 2442 1473 ci-

1372 1500 1646 1545 teriorem'
1699 1494 2059 1557 adpellaverit.
2147 1493 2301 1545 Anna
2353 1496 2436 1547 bic

1372 1570 1560 1621 scribit
1600 1570 1616 1599 ‘
1641 1569 1909 1620 Oceanum
1955 1570 2248 1620 citeriorem
2269 1576 2282 1597 ’
2319 1585 2436 1621 esse

1375 1647 1655 1709 Gallicum,
1693 1646 1784 1697 sed
1805 1646 1892 1711 qni
1926 1652 1983 1696 et
2013 1646 2030 1674 ‘
2051 1646 2296 1697 interior’
2333 1647 2440 1697 dici

1374 1728 1571 1787 posset.
1635 1722 1753 1772 Hoc
1775 1721 1896 1786 quid
1919 1722 2008 1785 sit,
2030 1736 2130 1772 non
2154 1724 2322 1786 capio.

1440 1799 1567 1847 Duoe
1583 1797 1891 1847 validissima·
1907 1798 2096 1861 gentes]
2123 1800 2208 1848 De
2227 1799 2305 1848 his
2326 1800 2435 1850 late

1374 1873 1516 1923 Piin.
1539 1877 1588 1936 8,
1607 1878 1658 1923 ⁸.
1680 1878 1734 1922 et
1755 1873 1948 1923 Strabo
1967 1873 2058 1923 lib.
2082 1879 2130 1924 8.
2166 1874 2378 1923 Camers.

1438 1950 1486 2011 ξ.
1505 1952 1568 1998 47
1605 1950 1677 1997 Et
1692 1950 1848 2013 peior]
1879 1948 1968 1998 Sic
1981 1949 2075 2009 cd.
2107 1964 2222 1999 mea
2253 1958 2433 2000 vetus:

1373 2024 1806 2089 quemadmodum
1824 2025 1945 2074 olim
1964 2024 2309 2087 conjeceram,
2331 2026 2435 2076 vid.

1374 2116 1490 2165 qnae
1510 2101 1651 2152 dicta
1672 2107 1796 2150 sunt
1816 2115 1956 2165 supr.
1977 2105 2030 2159 4,
2050 2107 2100 2163 6,
2117 2106 2166 2152 2.
2217 2102 2438 2153 Freinsb.

1374 2176 1521 2225 Prior
1543 2192 1590 2225 v.
1610 2191 1654 2226 e.
1670 2178 1804 2239 peior
1825 2178 1942 2227 aliae
1957 2186 2080 2241 post
2095 2178 2256 2241 illam,
2275 2194 2436 2244 usqne

1374 2252 1438 2301 ud
1464 2252 1780 2314 Camertem,
1801 2252 1885 2315 qui
1908 2253 2173 2303 revocavit
2190 2254 2344 2317 prior.
2388 2252 2436 2301 E

1375 2328 1586 2392 scriptis
1608 2329 1744 2378 solus
1764 2328 1936 2380 Berol.
1955 2328 2111 2380 babet
2131 2330 2279 2394 pejor,
2297 2329 2436 2396 qnod

1374 2419 1441 2454 ex
1464 2411 1593 2455 vett.
1617 2405 1740 2455 edd.
1776 2413 2088 2456 revocarunt
2123 2407 2353 2456 Freinsb.
2377 2414 2437 2457 et

1376 2480 1556 2530 Graev.
1589 2481 1604 2508 ‘
1624 2480 1805 2530 Altum
1839 2481 2090 2534 animum'
2126 2482 2358 2532 Freinsb.
2383 2479 2466 2532 in'

1376 2557 1492 2607 Ind.
1549 2571 1788 2619 magnum
1843 2563 1900 2606 et
1949 2563 2152 2606 vastum
2199 2558 2434 2622 exponit.

1374 2632 1564 2681 Potest
1596 2632 1753 2680 etiam
1786 2644 1898 2681 esso
1937 2631 2124 2694 elatus,
2164 2634 2436 2696 superbus.

1376 2707 1447 2756 Et
1477 2707 1556 2756 ita
1593 2706 1869 2756 videbatur
1895 2705 2186 2769 Perizonio,
2219 2708 2310 2772 qui
2347 2708 2436 2758 ad·

1375 2784 1660 2846 scripserat
1678 2783 1846 2832 locum
1871 2783 2013 2832 Flori
2035 2797 2077 2831 1.
2098 2787 2181 2832 26.
2203 2787 2252 2834 8.

1443 2859 1724 2923 Gurg-unios,
1771 2863 1820 2907 et
1864 2858 2160 2924 Antigonus]
2219 2859 2432 2910 Nullum

1374 2934 1584 2984 dubium
1597 2942 1699 2998 est,
1709 2935 1832 2999 quin
1843 2935 1912 2986 sit
1927 2936 2220 2998 Autrigonas
2229 2936 2438 2999 legend.

1372 3012 1484 3061 Pro
1511 3011 1792 3076 Gergouia,
1815 3017 1944 3061 vett.
1975 3011 2115 3074 libri,
2140 3011 2404 3074 cm-isogoo
2415 3029 2436 3070 ,-

1374 3094 1506 3151 puto
1555 3087 1658 3136 levi
1701 3087 2010 3151 trajectione
2059 3101 2147 3136 eos
2193 3100 2309 3136 esse
2345 3087 2436 3151 qui

1373 3161 1662 3212 Ptolemaeo
1697 3163 1940 3226 Murbogi,
1967 3160 2252 3226 Μούρβογοι.
2291 3167 2438 3224 Κουρ-

1372 3239 1548 3302 Ὺόνων,
1587 3237 1708 3288 urbs
1725 3239 1780 3289 in
1813 3239 1900 3288 illo
1939 3245 2112 3290 tractu
2146 3253 2232 3303 ap.
2256 3239 2437 3288 Ptole·

1374 3329 1579 3378 meum,
1601 3329 1752 3380 siquo
1789 3315 2019 3378 Gurg-onii
2049 3315 2154 3366 dici
2187 3321 2434 3380 possent:

1374 3390 1471 3440 sed
1507 3397 1691 3442 contra
1709 3391 1896 3441 nititur
1931 3391 2182 3441 librorum
2217 3392 2441 3441 auctori-

1377 3470 1477 3531 tas,
1496 3468 1603 3532 qui,
1639 3473 1696 3518 ut
1735 3466 1976 3524 diximus,
2011 3467 2295 3528 Cur-innoc,
2331 3479 2438 3515 nou

1378 3543 1663 3606 Gergouia,
1695 3543 1902 3593 babent.
1951 3543 2100 3592 δοίη.
2169 3543 2437 3603 Gargonios

1373 3623 1423 3668 et
1459 3618 1754 3681 Autrigonas]
1785 3619 1874 3666 Sic
1911 3616 2108 3666 diserte
2141 3618 2259 3667 Pal.
2293 3622 2343 3666 2.
2378 3625 2436 3668 at

1376 3694 1514 3742 enim
1559 3698 1605 3742 1.
1647 3695 1909 3753 cur-mogo·
1941 3697 1988 3740 et
2031 3693 2336 3754 Antigonus.-
2383 3697 2433 3742 ³.

1378 3769 1662 3831 Curimgos,
1681 3769 1762 3830 lte.
1787 3783 1888 3818 non
1925 3767 2077 3818 video
2099 3783 2192 3819 cur
2211 3769 2436 3834 scriptu·

1376 3859 1447 3895 τω
1471 3844 1649 3908 primm
1685 3843 1876 3894 debeat
1905 3846 2100 3894 moveri
2137 3853 2436 3896 controver-

1373 3922 1468 3971 sia.
1505 3921 1652 3971 Grai.
1723 3921 2011 3984 Gurg-onies,
2049 3924 2100 3972 G
2135 3937 2230 3986 pro
2265 3924 2325 3986 C,
2345 3922 2434 3972 ha-

1358 3999 1500 4050 ·bent
1522 3999 1718 4065 antiqui
1741 3999 1860 4048 libri
1890 4006 1948 4050 et
1981 4000 2218 4050 Orosius.
2285 3999 2436 4050 Auri·

1368 4091 1518 4139 gom
1539 4083 1666 4141 puto
1687 4091 1802 4127 esse
1835 4076 1852 4106 ‘
1875 4075 2224 4140 Autrigonas'
2261 4075 2436 4124 Plinio

1372 4160 1429 4203 et
1444 4152 1754 4213 Ptolemaeo,
1777 4168 1806 4202 s
1829 4160 1974 4202 recto
1996 4151 2246 4214 Αὐτρίγυν.
2279 4151 2434 4201 Vince.

1369 4229 1526 4280 Salm.
1548 4245 1576 4280 e
1601 4231 1728 4280 Νη.
1753 4231 2029 4295 scripserat
2057 4233 2330 4294 Curmogoae.
2363 4233 2433 4282 Et
