2910 4693
980 314 1041 359 1..
1082 308 1343 360 arram
1398 310 1646 359 raoni.
1875 320 1880 323 ·
2247 298 2418 362 1121

206 462 553 524 intercessit
582 464 755 522 Lam.
787 463 993 540 Begeri
1020 482 1223 542 opera,
1266 482 1387 541 qua
1414 462 1492 521 ad
1521 462 1673 523 duos
1712 460 1932 542 priores
1959 462 2140 521 libros
2166 464 2302 542 plus
2331 482 2428 523 or-

204 561 478 619 namenti
504 560 1013 638 quam.commodi
1040 560 1319 621 collatum
1348 572 1458 621 est.
1501 560 1812 621 Germania
1841 570 2104 620 ceterum
2135 560 2276 619 nihil
2306 560 2426 621 fere

206 656 279 715 in
312 657 485 717 Floro
512 656 747 717 edendo
776 658 931 728 tulit,
972 658 1085 717 nisi
1130 658 1257 718 illas
1274 659 1309 717 J
1316 657 1554 717 unckeri
1577 666 1746 716 notas
1775 657 1848 716 ad
1881 656 2126 716 modum
2157 657 2425 728 Minellii,

204 762 281 812 et
310 755 636 833 Ayrmanni
660 753 937 831 (Sinceri)
962 756 1233 834 aliasque
1260 753 1646 832 germanicas,
1679 754 1736 811 in
1763 752 1908 831 ipsis
1937 754 2248 814 Musarum
2279 754 2428 813 sedi·
2557 774 2574 799 ·

206 850 357 919 bus,
392 850 627 929 Lipsiae,
674 852 868 923 Halae,
898 863 957 912 et
998 852 1231 912 Giessae
1266 851 1455 913 editas
1479 853 1932 937 repetitumque-3
1985 850 2098 909 nisi
2125 852 2286 928 quod
2327 853 2427 913 Jo.

206 944 381 1005 Frid.
434 947 741 1008 Fischerus
790 950 955 1029 Lips.
1004 968 1101 1010 an.
1156 948 1328 1019 1760.
1392 948 1766 1009 Grrevianam
1821 948 2218 1007 recensionem
2289 966 2428 1009 cum

202 1042 422 1101 libello
450 1061 602 1103 varr.
629 1044 795 1105 lectt.
824 1044 1099 1105 reddidit.

301 1136 463 1199 1680
502 1140 858 1200 Graeviana:
904 1142 973 1201 L.
1004 1146 1263 1201 Annuus
1308 1142 1528 1211 Florus,
1571 1140 1896 1201 recensitus
1934 1150 1994 1199 et
2033 1139 2354 1201 illustratus
2389 1161 2427 1200 a

200 1236 315 1296 Jo.
343 1237 571 1315 Geor-g.
602 1238 865 1308 Graevio,
895 1237 1117 1297 additis
1152 1237 1317 1296 variis
1356 1256 1726 1297 nummorum
1767 1247 2030 1299 veterum
2058 1237 2424 1316 aliorumque

201 1338 781 1393 monumentorum*
812 1334 1100 1395 iconibus.
1140 1334 1413 1411 Trajecti
1434 1336 1571 1394 Bat.
1595 1334 1808 1393 8.—1n
1839 1334 1950 1392 hac
1967 1333 2224 1393 editione
2245 1334 2428 1393 multa

202 1428 368 1487 bene
394 1439 619 1501 sauata,
652 1430 837 1489 multa
866 1429 1015 1490 bene
1060 1431 1359 1509 explicata
1400 1442 1462 1491 et
1507 1431 1874 1509 elegantibus
1913 1430 2424 1490 observationibus

199 1524 526 1586 illustrata.
570 1525 685 1585 Sed
710 1526 973 1604 inprimis
990 1545 1257 1605 maguam
1284 1527 1854 1596 commendationem
1875 1526 2056 1586 habet
2082 1526 2211 1585 haec
2236 1526 2424 1586 editio

202 1640 241 1681 a
270 1621 623 1699 praefatione
672 1632 795 1681 tum
847 1623 1135 1693 universa,
1165 1631 1290 1682 tum
1334 1642 1453 1700 qua
1493 1622 1670 1682 crisin
1715 1622 1900 1682 hahet
1923 1622 2198 1682 orationis
2226 1622 2422 1681 Flori:

206 1717 401 1777 habet
429 1718 585 1778 enim'
621 1718 991 1799 disciplinam
1036 1720 1335 1798 quandam
1380 1719 1678 1797 eleganter
1695 1717 2015 1801 judicandi
2043 1718 2260 1777 formas
2289 1738 2423 1779 ora·-

202 1814 394 1873 tionis
420 1824 483 1875 et
503 1814 875 1875 discernendi
904 1816 1153 1877 tumoris
1181 1816 1404 1875 inanias
1432 1836 1468 1875 a
1498 1834 1636 1876 vera
1662 1816 1947 1894 elegantia
1970 1836 1987 1885 3
2033 1834 2210 1894 quam
2239 1814 2428 1874 omni·

204 1910 324 1970 bus
351 1911 629 1970 studiosis
660 1932 815 1971 verae
842 1913 1195 1991 eloquentiae
1218 1913 1724 1973 commendamus.

374 2009 405 2043 ⁸
446 2009 517 2066 In
550 2008 641 2067 his
690 2008 869 2069 facile
908 2010 1149 2080 eminet,
1190 2010 1331 2070 iude
1376 2011 1435 2069 in
1480 2011 1688 2090 Begeri
1729 2010 1906 2070 etiarn
1951 2009 2190 2069 obvium
2225 2008 2420 2079 Floro,

288 2102 556 2162 omnium
589 2116 1097 2165 monumentorum
1129 2106 1358 2167 Latinas
1384 2105 1600 2185 linguas
1629 2106 2062 2185 propemodum
2088 2104 2422 2183 antiquissi-

289 2219 481 2273 mum,
511 2200 803 2261 coluinnae
830 2210 1093 2261 rostratae
1120 2204 1178 2261 in
1210 2202 1341 2262 foro
1371 2204 1646 2263 Romano
1679 2203 1906 2283 pridem
1951 2203 2162 2280 positae
2203 2202 2421 2279 imago,

288 2296 355 2355 in
383 2316 463 2356 ωε
494 2296 682 2357 incisa
708 2298 783 2356 ad
812 2297 921 2359 lib.
954 2314 1033 2358 11.
1062 2318 1198 2379 cap.
1226 2308 1285 2360 2.
1316 2318 1452 2359 cum
1482 2299 1612 2360 Pet.
1643 2298 1948 2360 Ciaccouii
1973 2300 2250 2359 Toletani
2279 2318 2422 2377 sup-

288 2394 629 2473 plementis,
665 2395 828 2473 [vid.
856 2414 1017 2472 supr.
1048 2414 1157 2474 pp.
1185 2395 1324 2464 609.
1352 2395 1556 2471 1104.]
1585 2413 1720 2472 quae
1757 2397 1949 2455 lucem
1989 2396 2260 2456 viderant
2285 2415 2420 2454 cum

284 2490 561 2567 ejusdem
593 2489 759 2550 libris
788 2491 975 2550 tribus
1006 2490 1086 2552 de
1115 2492 1387 2562 nummis,
1418 2491 1822 2568 ponderibus,·
1841 2501 1903 2550 et
1929 2491 2216 2551 mensuris
2246 2492 2424 2552 Rom.

292 2587 471 2648 1586.
510 2586 683 2648 1608.
711 2591 830 2647 dcc.
866 2589 1047 2648 Extat
1074 2597 1133 2649 et
1156 2589 1215 2646 in
1246 2588 1387 2648 Aldi
1416 2587 1689 2658 Manutii,
1720 2588 1910 2647 Paulli
1934 2589 2000 2646 F.
2027 2587 2180 2646 libro
2207 2586 2286 2646 de
2311 2590 2426 2648 Or·

290 2683 667 2762 thographiae
718 2683 944 2742 ratione
1000 2686 1208 2744 Venet.
1262 2681 1436 2744 1566.
1485 2689 1543 2742 8.
1589 2700 1725 2760 pag.
1762 2691 1894 2744 142.
1937 2681 2116 2760 Lipsii
2146 2681 2424 2758 Antiquis

288 2781 491 2840 Lectt.
514 2795 593 2838 11.
615 2787 710 2840 14.
726 2780 863 2839 etin
886 2781 1167 2858 Stephani
1189 2780 1440 2840 Viuandi
1465 2779 1656 2858 Pighii
1683 2777 2010 2838 Annalibus
2037 2779 2212 2838 Rom.
2239 2778 2418 2838 Tom.

290 2893 373 2937 11.
404 2895 541 2954 pag.
571 2883 671 2937 25.
702 2877 773 2936 ad
804 2897 861 2936 a.
893 2879 969 2938 U.
1001 2879 1073 2937 C.
1105 2885 1245 2948 493.
1274 2897 1387 2938 nec
1418 2897 1532 2936 non
1561 2877 1618 2936 iu
1645 2875 1838 2935 Tomo
1875 2884 2088 2952 quarto
2124 2872 2422 2934 Thesauri

284 2973 538 3052 Antiqu.
584 2973 759 3032 Rom.
809 2975 1113 3034 Graeviani
1160 2995 1217 3052 p.
1260 2983 1433 3042 1807.
1486 2974 1544 3032 ἰιι
1593 2973 1785 3032 Τοιιιο
1813 2987 1914 3030 xl.
1962 2990 2024 3049 p.
2061 2978 2238 3032 1383.
2269 2969 2416 3029 etin

286 3068 504 3128 Uberti
554 3067 799 3128 Folietae
848 3069 997 3128 libro
1046 3069 1311 3129 secundo
1353 3068 1430 3128 de
1471 3069 1686 3148 linguae
1733 3068 1960 3127 Latinae
2006 3087 2118 3127 usu
2161 3086 2236 3126 ac
2259 3085 2416 3145 prae-

282 3166 526 3236 atantia,
556 3166 731 3225 Rom.
766 3163 942 3233 1574.
977 3175 1033 3226 8.
1082 3175 1141 3226 et
1178 3164 1399 3225 Hamb.
1431 3173 1611 3234 1722.
1644 3175 1701 3225 8.
1751 3183 1891 3243 pag.
1927 3172 2062 3224 154.
2108 3163 2166 3222 in
2216 3163 2420 3222 Arith-

282 3262 545 3339 motogia
583 3262 889 3321 Athanasii
920 3262 1188 3322 Kircberi
1235 3263 1405 3321 Rom.
1444 3260 1616 3321 1665.
1649 3274 1707 3321 4.
1747 3281 1880 3339 pag.
1909 3270 2011 3322 33.
2036 3259 2291 3338 denique
2311 3279 2416 3320 ac-

280 3358 565 3428 curatius,
594 3367 834 3417 curante
863 3357 1177 3428 Peirescio‚
1206 3376 1478 3435 expressa
1503 3376 1640 3416 cum
1672 3359 1904 3416 Comm.
1927 3356 2157 3433 Gangis
2186 3355 2414 3418 Gozzei

280 3453 458 3514 Tom.
492 3471 591 3514 lx.
620 3453 1022 3514 Thea.1taliae
1042 3455 1109 3513 P.
1128 3470 1289 3514 viu.
1322 3454 1525 3512 Latine
1557 3454 1736 3513 versis
1754 3452 2100 3512 Abrahamo
2121 3451 2412 3528 Preigero,

280 3571 354 3610 ex
412 3549 631 3610 Italicis
680 3552 853 3611 Rom.
904 3549 1078 3613 1635.
1107 3561 1169 3612 4.
1236 3551 1508 3610 Discorsi
1565 3569 1745 3627 sopra
1794 3547 2200 3607 l'inscrittione
2257 3545 2416 3606 della

281 3647 551 3707 Colouna
602 3648 899 3708 Rostrata.
1002 3647 1417 3708 Confereudus
1481 3646 1660 3705 etiam
1709 3645 1882 3705 Joau.
1926 3643 2067 3703 Nic.
2119 3643 2164 3703 F
2169 3643 2412 3703 unccius

278 3743 435 3802 iib'ro
491 3743 566 3802 de
618 3746 865 3822 pueritia
916 3743 1132 3822 linguae
1193 3745 1440 3814 Latinae,
1499 3743 1806 3820 Marburg.
1865 3750 2040 3809 1720.
2077 3751 2137 3801 4.
2183 3759 2317 3819 cap.
2354 3748 2413 3800 5.

282 3839 455 3899 Hanc
499 3840 835 3900 columnam
875 3840 1160 3919 populus
1192 3841 1367 3899 Rom.
1410 3839 1770 3898 consecravit
1801 3836 2096 3896 memoriae
2140 3837 2211 3898 C.
2246 3836 2412 3896 Duil-

278 3934 360 4006 lii,
408 3936 511 4014 qui
554 3935 749 4016 primo
805 3937 961 3996 bello
1002 3937 1227 3997 Punico
1284 3935 1585 3996 victoriam
1643 3936 1904 3994 navalem
1955 3954 1992 3994 a
2040 3936 2118 3994 U.
2157 3935 2236 3992 C.
2267 3939 2407 4002 493.

281 4032 503 4109 primus
528 4053 566 4092 a
594 4033 787 4094 Poenis
815 4035 1155 4115 reportavit.
1242 4035 1536 4094 Memorat
1561 4033 1958 4104 Quintilianus
1985 4032 2086 4091 lib.
2120 4047 2170 4089 1.
2212 4007 2404 4088 instit.

281 4131 393 4191 Or.
440 4150 577 4210 cap.
602 4141 664 4201 7.
712 4151 851 4210 pag.
884 4141 984 4201 57.
1026 4132 1123 4193 ed.
1158 4132 1290 4210 Bip.
1338 4130 1566 4192 literam
1617 4131 1696 4190 D.
1741 4128 2003 4209 plurimis
2033 4127 2226 4187 verbis
2263 4124 2408 4184 olim

329 4227 507 4291 napi.
531 4231 579 4276 α
608 4227 719 4277 rar.
747 4229 877 4278 cm.
1398 4228 1533 4279 rior.
2161 4226 2194 4270 ι
2229 4219 2280 4270 c·
