2910 4693
470 328 603 399 644

472 498 523 556 δ,
542 498 591 543 2.
618 499 673 543 et
696 490 935 554 Orosius,
955 497 1005 555 Δ,
1025 496 1107 543 2⁰.
1130 492 1261 542 dicit
1284 494 1366 541 17.
1434 490 1538 540 Eu·

470 570 671 633 tropius
696 570 747 618 in
770 568 872 617 line
912 569 1053 619 tertii
1091 569 1186 629 ait,
1220 568 1319 618 hoc
1340 566 1536 619 bellum

468 642 625 695 finem
644 644 924 708 accepisse,
941 652 1057 709 post
1075 659 1263 694 annum
1282 648 1361 693 18.
1380 658 1534 709 quam

468 730 718 783 coeperar,
788 719 1057 784 Appianas
1102 720 1233 770 dicit
1275 724 1358 770 16.
1400 718 1532 769 fere.

472 796 611 845 Cam.
694 796 931 860 Spatium
990 800 1069 845 tot
1124 810 1285 845 annos
1338 794 1534 844 habere

466 884 622 935 quarn
668 870 857 919 Latine
902 870 1122 934 dicatur,
1160 871 1403 933 viderint,
1446 869 1535 936 qui

464 947 693 1012 probant
712 947 844 995 hanc
866 948 1197 1011 scripturam.
1266 946 1398 997 Mihi
1419 960 1535 996 cer·

464 1028 578 1073 tum
600 1031 681 1073 est
701 1036 943 1085 peccasse
968 1022 1223 1085 librarios,
1260 1030 1353 1073 aut
1378 1024 1532 1074 rudes

464 1106 524 1149 et
534 1100 802 1163 imperitos
818 1106 1145 1150 correctores
1157 1116 1172 1161 ;
1183 1100 1389 1149 Florum
1406 1114 1534 1151 vero

465 1174 771 1238 scripsisse:
804 1176 962 1225 decem
998 1181 1047 1225 et
1084 1182 1185 1226 octo
1212 1192 1361 1226 mos
1378 1184 1531 1241 patet,

468 1253 525 1303 id
544 1258 642 1315 est,
672 1253 1075 1317 complectitur=
1110 1262 1171 1304 nt
1207 1256 1443 1320 superins
1479 1256 1532 1305 in

464 1326 671 1393 praefat.
696 1328 781 1377 lib.
806 1342 845 1380 ι.
880 1330 897 1358 ⁸
917 1330 1153 1395 Sequens
1177 1345 1208 1379 a
1228 1331 1395 1381 Bruto
1420 1332 1535 1381 col-

460 1404 727 1470 latinoque
740 1402 1047 1455 Consulibus
1062 1405 1115 1455 iu
1136 1405 1363 1470 Appium
1378 1406 1536 1457 Clau·

462 1480 625 1545 dium,
668 1482 948 1534 Quint-tum
992 1486 1229 1535 Fulvium
1274 1488 1534 1550 consules,

444 1556 715 1607 -ducentos
750 1562 1117 1624 quinquaginta
1155 1576 1315 1612 annos
1350 1564 1536 1627 patet!

462 1632 551 1683 Sic
576 1640 633 1683 et
653 1633 791 1698 apud
814 1632 1002 1697 Pomp.
1034 1634 1229 1684 Melam
1259 1635 1399 1685 habet
1420 1650 1533 1685 cor·-

464 1714 622 1773 rupte
664 1710 857 1773 legitur
898 1723 993 1773 pro
1028 1714 1182 1774 potet.
1260 1710 1536 1760 Translata

461 1791 543 1835 est
578 1787 692 1835 liaec
731 1800 833 1835 vox
870 1800 901 1836 a
940 1787 1113 1850 spatio
1150 1789 1403 1849 locorum,
1440 1786 1534 1837 ubi

460 1860 675 1923 propria
696 1860 809 1924 ejus
842 1862 1013 1922 sedes,
1048 1860 1115 1911 ad
1153 1861 1379 1925 spatium
1406 1868 1534 1911 tem·

460 1937 630 1999 μοι-ἱείς
664 1943 726 1985 ut
748 1950 829 1999 ap.
850 1938 973 1987 Sen.
991 1938 1007 1965 ⁸
1034 1937 1178 1986 AEtas
1199 1936 1335 1987 bene
1356 1936 1532 2001 dispo·

459 2010 603 2059 nenti
620 2012 836 2060 multum
856 2012 1037 2074 patet!
1078 2012 1242 2061 (ἶνα.
1311 2012 1530 2063 Etiamsi

458 2086 777 2136 concedatur
814 2100 915 2135 non
954 2087 1059 2136 dici
1098 2088 1284 2137 Latine
1319 2088 1529 2152 spatium

456 2160 595 2209 sabee
616 2166 687 2210 tot
710 2174 855 2211 annos
866 2176 887 2219 ,·
918 2169 1095 2211 tamen
1128 2176 1231 2211 non
1256 2163 1411 2225 plane
1434 2178 1526 2215 ne-

454 2236 683 2286 cessaria
720 2242 803 2287 est
834 2237 1147 2289 emendatio.
1216 2238 1352 2288 Nam
1386 2239 1526 2290 hahet

454 2308 647 2361 referri
687 2318 865 2376 potest
909 2312 975 2363 ad
1020 2328 1199 2364 vocem
1252 2317 1267 2343 ⁸
1294 2314 1524 2368 bellum!

453 2387 543 2437 Ita
562 2395 709 2437 recte
740 2389 991 2454 Begerus.
1026 2391 1042 2418 ⁸
1069 2391 1271 2440 Decem
1294 2398 1351 2442 et
1372 2392 1524 2443 octo'

454 2460 731 2512 dicendum
750 2471 830 2513 est
854 2471 1067 2515 auctore
1091 2467 1381 2525 Prisciano,
1416 2483 1524 2518 non

451 2535 467 2562 ‘
490 2538 822 2588 octodecim!
883 2540 948 2589 Iu
973 2541 1140 2605 Ryck.
1160 2556 1255 2605 pro
1272 2556 1337 2592 eo
1350 2551 1431 2592 est
1452 2543 1523 2593 X.

452 2619 503 2662 et
528 2613 677 2664 Vnt.
704 2615 755 2665 in
780 2615 915 2667 Edd.
939 2618 1001 2668 B.
1026 2618 1089 2668 P.
1124 2627 1181 2668 et
1214 2619 1266 2670 J.
1304 2619 1523 2670 XVIII.

452 2689 575 2739 Hoc
630 2707 837 2758 quoqne
894 2693 1166 2744 confirmat
1208 2696 1522 2745 sententiam

452 2779 650 2831 eornm,
682 2771 771 2832 qni
798 2776 987 2833 putant
1010 2770 1251 2820 librarios
1276 2770 1391 2820 fere
1426 2785 1522 2820 nu·

450 2854 620 2893 meros
642 2846 778 2893 notis
800 2846 1023 2908 scriptos
1046 2846 1263 2908 integris
1289 2847 1523 2909 vocibus,

450 2927 608 2982 prout
622 2921 748 2984 ipsis
765 2921 1060 2982 videbatur,
1076 2921 1364 2983 scripsisse.
1396 2921 1522 2970 Vid.

450 2995 600 3043 Voss.
624 3007 703 3044 ιν.
726 2994 794 3044 de
818 2994 1036 3056 Analog.
1057 2997 1109 3042 9.
1131 3003 1184 3042 et
1208 3007 1289 3042 ix.
1314 2994 1382 3043 de
1406 2996 1520 3045 Vit.

446 3069 613 3119 Serm.
636 3074 715 3120 15.
738 3070 931 3119 Cellar.
952 3068 1075 3117 Cur.
1100 3069 1445 3118 Posteriorib.
1465 3070 1518 3118 in

450 3145 737 3192 Octodeeim.
760 3143 895 3192 Adeo
907 3142 1063 3203 gladii
1076 3143 1330 3193 atrocitate
1347 3143 1519 3210 Regg.

445 3219 604 3268 Fran.
628 3219 783 3267 Voss.
809 3222 856 3267 1.
880 3223 931 3268 2.

510 3293 729 3343 Similior
754 3294 878 3344 uicto
906 3295 976 3343 sit
1000 3296 1218 3358 popalus,
1256 3297 1341 3360 qui
1374 3294 1517 3359 uicit]

445 3369 577 3418 Livii
601 3370 748 3419 simia
768 3369 865 3420 hoc
885 3370 1041 3420 etiam
1060 3371 1127 3421 ab
1146 3371 1235 3420 illo
1252 3379 1516 3422 mutuatus

444 3453 503 3496 et
524 3447 759 3498 imitatus
782 3454 884 3498 est.
950 3447 1037 3498 Sic
1061 3449 1199 3498 enim
1224 3447 1332 3510 ille,
1366 3449 1516 3499 initio

442 3523 533 3574 lib.
560 3537 678 3575 xxi.
714 3524 781 3575 de
820 3525 917 3575 hoc
949 3523 1065 3588 ipso
1102 3523 1243 3573 bello
1278 3523 1512 3574 Punicos

442 3601 460 3628 ⁸
486 3601 557 3650 Et
580 3601 712 3651 adeo
730 3603 867 3651 varia
888 3601 1013 3651 belli
1037 3598 1273 3662 fortuna,
1296 3613 1515 3663 anceps·

441 3687 542 3736 qne
580 3675 726 3724 Mars
767 3675 885 3738 fuit,
924 3683 982 3726 ut
1022 3675 1237 3740 propius
1276 3675 1516 3738 periculo

440 3747 638 3798 fuerint
658 3752 745 3815 qni
767 3751 974 3803 vicere!
1007 3751 1109 3801 Sol.
1178 3750 1395 3800 similior
1412 3751 1514 3800 vic-

440 3827 493 3871 to
530 3824 599 3872 sit
629 3827 847 3889 populas,
882 3827 965 3890 qai
1002 3826 1145 3889 uicit]
1193 3826 1341 3874 Idem
1378 3825 1514 3875 dicit

443 3896 619 3948 Livius
632 3901 717 3959 21,
738 3903 846 3960 1,s.
880 3899 1037 3949 Silius
1054 3904 1201 3962 1,77.
1218 3903 1318 3950 dec.
1348 3901 1365 3928 ⁸
1386 3899 1515 3949 Pro-

442 3974 659 4038 piusque
697 3970 843 4023 fuere
898 3975 1111 4038 periclo,
1164 3975 1327 4027 Qneis
1358 3989 1511 4038 supe·-

440 4061 560 4097 rare
582 4047 797 4098 datum?
864 4048 1143 4113 Angustin.
1169 4053 1221 4111 ⁸,
1255 4054 1336 4099 19.
1372 4049 1510 4099 civi-

445 4121 585 4173 tatis.
621 4121 757 4173 Cum.
822 4123 939 4174 Pal.
964 4129 1015 4173 2.
1048 4124 1227 4174 Berol.
1246 4125 1435 4176 Duisb.
1454 4131 1510 4176 et

446 4212 493 4248 v.
511 4213 557 4247 e.
576 4199 779 4250 similior
800 4201 923 4251 victo
942 4201 1007 4250 sit
1024 4200 1409 4267 vietorpopulus,
1426 4201 1510 4266 qui

1171 346 1386 411 nom
1434 346 1842 400 vammum
1893 344 1974 397 m

1615 490 1753 541 eicit.
1821 488 2083 541 Gruterus
2113 492 2332 541 alterum
2369 492 2559 543 horum
2593 504 2701 557 pro

1616 568 1788 632 glossa
1809 566 1983 617 habet.
2049 568 2184 617 Mihi
2215 568 2367 618 victor
2399 568 2700 619 insiticium

1615 642 1841 691 videtur.
1909 640 2251 704 Augustinus,
2286 642 2374 707 qui
2417 642 2702 693 interdum

1613 718 1726 783 ipsa
1749 720 1910 769 verba
1933 720 2074 769 Flori
2111 720 2383 781 describit,
2419 733 2510 770 111.
2535 720 2605 769 de
2625 720 2698 769 C.

1613 795 1684 844 D.
1710 798 1791 844 19.
1826 797 1843 824 ⁸
1863 794 1950 843 Ita
1967 799 2043 854 ut,
2056 795 2136 843 his
2151 808 2356 859 quoque
2377 794 2702 857 fatentibus,

1613 870 1827 936 quinon
1868 877 1974 921 tam
2011 886 2222 921 narrare
2259 871 2396 920 bella
2431 871 2702 933 Romana,

1613 962 1766 1013 quam
1811 948 2098 998 Romanum
2143 948 2412 1011 imperium
2467 946 2696 995 laudare

1611 1022 1968 1085 instituerunt,
1991 1024 2206 1073 similior
2228 1025 2372 1073 victo
2389 1021 2556 1073 fuerit
2577 1022 2692 1084 ille,

1611 1099 1700 1164 qui
1719 1099 1883 1149 vicit!
1951 1099 2052 1148 His
2069 1098 2244 1150 verbis
2265 1096 2550 1148 manifeste
2569 1098 2694 1148 1²1⁰-

1611 1188 1724 1225 ru-
1745 1176 1937 1241 tangit.

1677 1253 1724 1315 ᾖ.
1756 1257 1790 1301 2
1821 1252 2044 1302 Pudebat
2075 1250 2280 1300 nobilem
2315 1250 2567 1314 populu-s]
2631 1250 2694 1300 Si

1611 1326 1690 1377 ita
1727 1327 1971 1391 loquatur
2015 1326 2216 1385 Florus,
2261 1332 2324 1374 ut
2375 1328 2690 1391 loquentem

1612 1416 1728 1450 eum
1760 1400 1940 1451 fecere
1977 1408 2321 1463 correctores,
2361 1400 2453 1449 vix
2487 1400 2690 1449 Latino

1613 1478 1747 1528 coelo
1769 1484 1948 1528 natum
1969 1485 2167 1541 putem.
2236 1475 2340 1539 An,
2359 1490 2562 1540 quasso,
2583 1476 2690 1527 hoc

1611 1562 1696 1604 est
1717 1554 1902 1603 Latine
1939 1552 2098 1617 loqui,
2131 1552 2346 1601 Pudebat
2375 1552 2690 1617 nobile-po-

1605 1630 1768 1689 paiaus
1809 1628 2022 1675 nomm
2060 1624 2232 1678 aare?
2275 1628 2524 1677 Dicerem
2563 1644 2692 1693 ego,

1609 1704 1626 1731 ⁸
1644 1700 2050 1765 pudefaciebat,'
2081 1706 2096 1731 ⁸
2113 1703 2165 1751 in
2205 1705 2456 1767 pudorem
2497 1704 2692 1765 dabat,

1609 1777 1840 1827 nobilem
1895 1778 2142 1841 populum
2209 1778 2442 1828 ablatum
2493 1781 2688 1831 mare-³

1614 1849 1740 1916 Aut,
1771 1854 1789 1881 ⁸
1810 1853 2044 1917 pudebat
2065 1853 2290 1903 nobilem
2313 1856 2566 1919 populum
2588 1858 2688 1907 ab·

1607 1930 1702 1979 lati
1740 1928 1912 1989 maris,
1933 1937 2204 1992 captarum
2229 1928 2550 1993 insularum,'
2571 1935 2687 1983 &c-

1606 2006 1798 2053 Veram
1833 2004 2112 2053 lectionem
2147 2002 2382 2054 dabimus
2417 2018 2484 2054 ex
2507 2007 2688 2071 scrip·

1607 2087 1724 2130 tura
1763 2080 1892 2129 Naz-
1916 2094 2032 2145 quae
2055 2080 2244 2130 habet:
2279 2081 2449 2130 uberat
2513 2081 2688 2146 Legi·

1604 2170 1718 2205 mus
1742 2162 1799 2205 et
1833 2155 2232 2220 distinguimus:
2275 2157 2454 2206 Urebat
2473 2157 2688 2208 nobiles-s

1595 2234 1822 2297 male-s
1857 2232 2070 2281 oblatum
2111 2247 2258 2295 mare,
2295 2237 2448 2295 eapeae
2483 2233 2684 2297 hanla,

1599 2310 1715 2359 durs
1757 2307 1960 2372 tributa,
2001 2322 2106 2372 quc
2132 2308 2304 2370 ,iubere
2341 2316 2680 2360 consumat.

1603 2383 1792 2434 Omnia
1827 2385 1940 2448 jam
1991 2392 2138 2435 recta
2183 2391 2320 2450 sunt,
2365 2400 2480 2449 quae
2523 2387 2683 2449 priua

1599 2457 1984 2509 claudicabant.
2049 2460 2108 2510 Si
2129 2461 2228 2510 hoc
2251 2475 2354 2511 non
2377 2475 2558 2510 verum
2581 2471 2680 2513 est

1599 2535 1738 2599 quod
1761 2536 2045 2599 posuimus,
2081 2537 2204 2599 quid
2239 2535 2416 2586 verum
2457 2537 2550 2601 sit,
2579 2553 2679 2588 ne-

1597 2611 1730 2661 scio.
1781 2610 1960 2661 Urebat
1981 2611 2182 2662 nobilem
2197 2614 2437 2676 populun,
2457 2613 2679 2664 Murus

1595 2701 1747 2749 usare,
1779 2693 1936 2752 eapte
1965 2689 2154 2752 insuia,
2189 2691 2306 2740 dare
2323 2690 2522 2742 ‘sib-tta.
2595 2692 2678 2740 Et

1595 2760 1712 2812 heic
1738 2763 1940 2814 Livium
1975 2764 2232 2828 imitatur,
2265 2765 2362 2814 sed
2395 2764 2467 2814 ad
2499 2779 2676 2830 popu-

1595 2837 1702 2885 lum
1719 2837 2200 2901 Carthaginiensem
2219 2839 2506 2900 transtulit,
2523 2842 2674 2903 quod

1595 2911 1686 2962 ille
1731 2911 1800 2960 de
1852 2913 2128 2963 Annibalis
2185 2921 2336 2976 patre
2393 2914 2676 2972 Amilcare

1593 2987 1763 3037 dixit:
1797 2990 1816 3019 ⁸
1839 2987 2120 3052 Angebaut
2161 2989 2389 3052 ingentis
2443 2989 2672 3055 spiritua

1593 3063 1760 3112 virum
1811 3063 1988 3112 Sicilia
2041 3063 2386 3129 Sardiniaque
2439 3067 2674 3118 amissa.

1595 3139 1646 3187 N
1651 3153 1730 3188 am
1753 3139 1932 3189 Sicilia
1947 3139 2098 3188 nimis
2119 3139 2278 3188 celeri
2291 3139 2672 3204 desperatione

1591 3231 1762 3265 rerum
1787 3230 2052 3278 concessa,
2069 3223 2125 3266 et
2138 3216 2382 3267 Sardinia
2403 3217 2671 3270 intermo-

1593 3296 1700 3340 tum
1723 3289 1922 3341 Africae
1946 3289 2128 3340 fraude
2167 3289 2534 3356 Romanorum,
2565 3293 2666 3342 sti·

1591 3367 1780 3430 pendio
1791 3367 1948 3416 etiam
1963 3365 2384 3432 superimposito,
2398 3367 2668 3434 intercep-

1591 3441 1682 3491 ta!
1752 3443 1856 3492 Hic
1875 3441 2038 3492 habes
2057 3443 2230 3494 omnia
2251 3459 2368 3508 qun
2391 3449 2668 3508 expressit

1591 3517 1791 3582 Florus,
1809 3517 2040 3569 ablatum
2064 3533 2223 3583 mare,
2243 3519 2436 3570 insulas
2455 3528 2664 3586 captas,

1589 3594 1840 3645 tributum
1873 3595 2186 3658 impositum.
2249 3597 2446 3660 scripti
2478 3604 2662 3648 autem

1585 3670 1708 3722 libri
1730 3671 1872 3722 Flori
1911 3678 1968 3720 et
2004 3671 2152 3722 Jord.
2177 3672 2418 3722 hocloco
2451 3673 2661 3736 legunt,

1587 3751 1744 3809 mptae
1763 3745 1951 3806 inuh,
1983 3761 2086 3796 non
2125 3753 2186 3796 ut
2217 3753 2302 3796 est
2335 3748 2388 3796 in
2411 3749 2662 3812 vulgatis,

1586 3827 1753 3885 capta.
1819 3821 1902 3870 De
1923 3821 2104 3872 Sicilia
2127 3827 2184 3872 et
2203 3822 2443 3873 Sardinia
2464 3821 2662 3872 intelli·

1587 3897 1680 3961 git,
1701 3910 1918 3962 quarum
1941 3897 2162 3946 alteram
2183 3911 2486 3948 concessam
2527 3897 2662 3949 dicit

1585 3972 1652 4021 ab
1689 3972 1814 4035 ipsis
1857 3969 2394 4034 Carthaginiensibus,
2434 3973 2660 4022 alteram

1585 4047 1930 4111 interceptam
1956 4044 2143 4098 fraude
2161 4048 2528 4098 Romanorum.
2588 4050 2660 4098 U-

1587 4129 1770 4187 traque
1807 4129 1955 4174 certe
1991 4129 2176 4188 erepta
2211 4124 2658 4188 Carthaginiensi·

1585 4198 1698 4251 bus.
1729 4197 1836 4252 Sal.
1887 4198 2094 4264 Urebat]
2127 4200 2214 4252 Sic
2239 4199 2364 4252 Vin.
2380 4199 2564 4264 edidit,
2585 4215 2654 4252 ex
